3030 4754
654 308 864 425 -lo—

177 479 269 544 tandi
300 500 409 543 ausam
442 478 575 542 omnino
609 477 731 540 nullam
768 430 935 541 baberent.
993 475 1085 550 Quod
1123 479 1177 539 aut
1179 497 1229 538 em
1265 475 1339 540 ter*

178 579 364 645 Ciceronem
393 578 511 642 dixisse
539 578 624 642 Non
654 575 741 660 Sept.
776 599 813 639 ex
846 577 984 660 epistula
1014 576 1053 639 ad
1087 578 1232 640 Atticum
1264 577 1340 640 data

177 684 320 765 apparet,
344 680 420 763 quid
443 680 542 743 habet
564 678 774 743 offensionis?
795 677 913 741 Nonne
935 676 1072 760 populus
1093 677 1162 760 ipse
1182 678 1233 741 bis
1256 699 1338 760 eum,

176 787 213 846 ut
236 783 369 860 diceret,
398 781 592 864 impulerat?

262 883 365 946 Aliam
385 883 471 945 viam
494 880 674 965 explicandi
696 881 862 962 ingressus
885 882 934 943 est
948 879 1165 958 Drumannus,
1189 881 1253 961 qui,
1278 879 1339 942 etsi

177 983 359 1050 eobiduo
381 983 422 1046 ad
442 982 541 1066 prid.
568 982 667 1046 Non.
698 985 737 1044 et
763 980 895 1045 Nonas
924 981 1065 1061 rettulit,
1097 981 1339 1045 sententiam
1455 1071 1457 1079 Ι

179 1087 288 1147 tamen
305 1085 344 1148 de
360 1106 488 1148 annona
503 1084 750 1164 contionemque
767 1081 911 1145 habitam
935 1104 1003 1145 esse
1026 1081 1194 1145 contendit
1215 1082 1338 1165 pluri-

177 1186 248 1248 bus
276 1185 418 1249 diebus
446 1189 553 1268 post3
586 1207 623 1249 ea
648 1188 754 1248 autem
777 1182 887 1263 opinio
909 1204 1013 1264 neque
1036 1184 1085 1246 est
1107 1184 1285 1247 necessaria
1307 1184 1340 1273 qt

176 1290 347 1369 propterea
367 1288 505 1349 manime
529 1286 687 1369 displicet,
709 1285 793 1366 quia,
816 1304 879 1365 quo
900 1282 1031 1347 tandem
1052 1282 1104 1347 die
1132 1286 1339 1348 sententia

176 1387 263 1451 dicta
277 1388 329 1464 sit,
352 1408 483 1469 prorsus
498 1408 565 1450 non
581 1389 624 1450 sit
641 1385 851 1469 perspicuum.
883 1384 1024 1466 Accedit,
1048 1384 1134 1466 quod
1156 1386 1210 1448 vix
1230 1388 1339 1468 potest

176 1487 253 1550 ferri
269 1487 492 1570 imperfectum
515 1487 673 1551 esset**.
716 1484 808 1549 Illius
825 1486 852 1548 si
868 1486 1010 1566 sequeris
1026 1486 1337 1568 interpretationem,

176 1588 525 1670 plusquamperfectum
542 1588 557 1650 l
562 1589 691 1652 uisset
704 1587 862 1670 postulari
877 1584 1096 1650 iamBlataius
1111 1586 1202 1650 vidit.
1225 1586 1339 1651 Occur-

176 1688 312 1752 rendum
325 1691 374 1752 est
386 1691 493 1752 autem
506 1689 653 1771 opinioni
665 1687 800 1769 cuidam,
824 1709 904 1769 quae
920 1688 981 1750 etsi
995 1708 1060 1750 non
1078 1691 1128 1751 est
1142 1709 1161 1750 a
1178 1709 1338 1770 quoquam

175 1791 209 1852 in
222 1789 362 1852 medium
374 1789 508 1872 prolata,
525 1793 635 1864 tamen
646 1791 779 1872 propter
788 1788 896 1852 nescio
908 1809 1003 1870 quam
1016 1789 1083 1850 veri
1094 1789 1232 1870 speciem
1247 1811 1338 1853 suam

177 1911 246 1954 esse
268 1889 437 1953 refutanda
451 1890 589 1960 videtur.
611 1890 738 1954 Dixerit
754 1890 840 1953 enim
858 1888 996 1952 fortasse
1011 1890 1169 1971 quispiam
1192 1893 1338 1954 nostram

176 1992 319 2073 ipsorum
336 1990 375 2054 de
392 1987 537 2054 Caesaris
552 1991 617 2054 illis
633 1991 712 2054 locis
730 1990 905 2072 respiciens
920 1990 1127 2069 sententiam,
1151 2012 1193 2054 eo
1217 1991 1337 2055 biduo

176 2092 216 2153 ad
245 2091 329 2154 Non.
361 2093 394 2152 ct
420 2095 512 2173 post
498 2092 623 2155 tridie
651 2091 735 2156 Non
768 2111 863 2204 posse
889 2090 1011 2155 referri.
1043 2089 1100 2154 sed
1138 2091 1223 2173 quod
1246 2093 1338 2156 licuit

177 2191 259 2272 illic,
305 2190 358 2254 hic
390 2193 558 2256 abunerim
599 2194 710 2275 licere,
745 2192 836 2274 quia,
869 2214 941 2256 cum
976 2191 1186 2255 duorumt
1142 2193 1186 2255 sit
1214 2193 1338 2256 dierum

174 2295 264 2354 ruent
265 2292 296 2354 io
250 2292 405 2355 tfacta
427 2313 522 2374 quam
544 2279 785 2374 dilucidissime,
809 2313 871 2375 quo
894 2294 1056 2375 pertineat
1076 2298 1256 2376 pronomen
1279 2316 1336 2377 eo,

175 2391 329 2454 hocloco
352 2393 474 2474 ambigi
496 2414 564 2455 non
585 2395 703 2475 potest.
727 2393 837 2457 Etiam
858 2395 987 2458 maioris
1010 2395 1166 2457 momenti
1189 2395 1338 2477 quodque

175 2512 243 2553 rem
271 2512 402 2574 prorsus
436 2492 589 2556 diiudicet
575 2497 691 2557 tmea
724 2495 853 2577 quidem
882 2496 1044 2558 sententia
1071 2498 1120 2559 est
1106 2495 1215 2559 thoe:
1249 2495 1338 2560 Dicit

176 2589 287 2655 Cicero
316 2592 349 2654 in
378 2593 435 2657 illa
463 2593 502 2658 de
530 2594 625 2659 domo
659 2597 805 2661 oratione
838 2596 907 2679 (Vl,
944 2597 994 2677 15)
1028 2596 1069 2660 in
1100 2596 1233 2661 reditu
1266 2618 1336 2660 suo

176 2713 338 2755 annonam
361 2695 516 2758 cariorem
545 2717 614 2760 esse
640 2696 759 2761 factam
786 2699 807 2762 i.
832 2721 856 2763 e.
883 2697 1042 2781 priedie
1070 2697 1166 2762 Non.
1193 2719 1256 2780 quo
1285 2698 1337 2761 die

174 2790 281 2856 rediit.
315 2794 461 2873 (omnino
488 2817 555 2859 non
582 2796 692 2879 video,
725 2798 992 2879 quemadmodum
1026 2799 1119 2862 aliter
1151 2798 1207 2862 illa
1239 2799 1337 2863 verba

174 2893 303 2974 possint
323 2894 496 2978 intellegi.)
540 2897 620 2962 Fuit
642 2898 745 2981 igitur
766 2898 868 2980 prid.
896 2897 994 2962 Non.
1022 2903 1054 2962 et
1083 2900 1178 2963 Non.
1207 2921 1337 2963 annona

174 2994 294 3075 carior3
315 2997 469 3074 quoniam
493 2999 600 3060 autem
623 3000 719 3062 etiam
742 3000 776 3061 in
800 2999 938 3081 epistula
953 2996 1118 3063 Ciceronis
1134 3002 1215 3063 ratio
1232 3020 1337 3081 gram-

174 3094 299 3171 matica,
323 3096 360 3155 ut
382 3115 426 3157 co
449 3095 569 3160 biduo
593 3097 632 3160 ad
655 3099 753 3181 prid.
768 3098 856 3167 Noni
879 3103 917 3163 et
938 3099 1034 3164 Non.
1051 3100 1210 3183 respiciat,
1227 3104 1336 3183 aperte

174 3193 334 3274 postulat,
368 3195 469 3259 altero
499 3197 635 3262 alterum
657 3201 845 3263 testimonio
868 3201 1078 3264 confirmante
1107 3221 1176 3264 esse
1203 3201 1335 3264 omnino

173 3315 270 3376 nego,
303 3315 359 3357 cur
386 3317 428 3360 eo
458 3297 582 3361 biduo
609 3299 661 3363 vel
688 3299 728 3364 ad
756 3299 843 3364 Non
873 3304 905 3364 et
931 3305 1052 3384 postr.
1086 3301 1183 3367 Non.
1216 3301 1268 3365 vel
1295 3301 1335 3365 ad

172 3400 296 3476 postr.
319 3394 351 3460 N
359 3417 416 3461 on.
441 3402 473 3461 et
495 3421 522 3462 a.
546 3399 647 3463 diem
669 3400 742 3465 Vll.
770 3401 822 3466 Id.
840 3399 943 3484 Sept.
967 3405 1111 3484 spectare
1132 3404 1334 3468 arbitremur.

174 3493 307 3560 Summo
326 3498 430 3579 igitur
452 3499 547 3563 huius
570 3501 632 3565 loci
654 3502 732 3566 haec
754 3505 819 3566 est:
851 3504 956 3585 pridie
978 3502 1064 3566 Non.
1087 3502 1198 3567 Cicero
1220 3503 1334 3587 rediit3

174 3597 278 3661 Nonis
300 3599 379 3680 ipsis
401 3603 528 3664 senatui
550 3604 670 3684 gratias
694 3604 774 3686 egit,
802 3605 837 3666 in
865 3608 979 3668 senatu
1007 3603 1046 3667 de
1068 3625 1102 3668 re
1124 3603 1336 3669 frumentaria

175 3700 373 3762 sententiam
396 3701 491 3785 dixIt,
526 3704 637 3767 statim
658 3707 733 3788 post
754 3707 902 3770 senatum
924 3705 1125 3789 contionem,
1147 3707 1182 3768 in
1204 3727 1266 3788 qua
1287 3707 1335 3768 in-

267 3886 281 3918 *
301 3890 322 3937 1.
340 3885 447 3952 gratiae
464 3886 572 3940 senatui
589 3890 674 3947 actae.

302 3975 326 4023 2.
345 3969 481 4023 sententia
498 3971 532 4024 de
550 3988 661 4028 annona
678 3972 760 4027 dicta.

303 4053 448 4112 acontio
508 4094 511 4100 f

239 4139 300 4274 ἶ*
296 4155 375 4275 cipp
375 4137 447 4208 prid
468 4138 540 4199 Non
559 4142 587 4194 et
598 4141 671 4201 Non
691 4157 816 4197 annonae
834 4142 934 4199 caritas
952 4146 1057 4210 esset,
1075 4142 1219 4198 nonnullis
1238 4143 1334 4198 diebus

172 4235 233 4285 pos
338 4240 384 4277 111.
