3030 4754
653 333 860 393 -lss-

175 502 217 564 ll.
242 500 339 578 Aufl.)
363 498 440 560 haec
462 497 635 561 iudicasse:
669 499 746 562 Der
768 501 935 562 zwciten
958 499 1062 562 Rode
1084 501 1128 563 ad
1149 504 1337 584 populum

175 603 280 665 fehlt
301 623 338 663 es
362 621 410 662 an
432 604 615 663 iiusserer
637 599 961 682 Beglaubigung.

261 701 323 765 His
356 701 504 782 inprimis
534 701 572 763 de
600 701 703 763 causis
732 700 1023 763 decantatissimmn
1053 703 1141 765 illam
1171 704 1210 765 de
1238 705 1338 767 altera

178 806 253 887 post
281 802 420 865 reditum
450 802 595 864 oratione
624 802 817 864 cantilenam
844 802 883 864 ad
912 802 1009 864 finem
1043 825 1111 866 esse
1144 804 1272 868 ductam
1306 809 1338 867 et

176 907 253 968 suut
282 907 315 966 et
344 903 475 965 fuerunt
503 903 558 982 qui
587 902 768 983 crederent,
802 925 820 966 a
847 903 978 966 falsario
1007 906 1239 968 oratiunculam
1268 927 1337 969 esse

176 1005 387 1086 compositam
411 1003 473 1064 sibi
496 1003 736 1084 persuadentes,
781 1003 950 1080 Attamen,
984 1026 1025 1067 ne
1048 1026 1119 1067 cum
1144 1007 1189 1069 ita
1217 1007 1337 1069 iudices

175 1106 320 1188 quidem,
344 1104 538 1168 offensiones
567 1125 647 1185 quae
670 1105 703 1165 in
726 1104 783 1167 1116
797 1106 942 1167 oratione
958 1106 1167 1170 inveniuntur
1182 1109 1338 1170 oraximae

175 1229 238 1288 quo
261 1206 356 1269 modo
379 1206 519 1287 irrepere
541 1207 708 1287 potuerint
731 1206 938 1286 explicantur.
983 1205 1066 1269 Nam
1089 1209 1257 1271 nonsatis
1287 1212 1336 1271 est

175 1306 392 1393 more-Wolfii
416 1309 449 1369 et
463 1305 644 1369 Marklandi
669 1306 828 1369 affirmare
851 1328 975 1387 semper·
997 1328 1185 1390 semperque
1200 1310 1336 1371 clamare

175 1413 261 1471 certa
281 1408 407 1470 ratione
428 1406 587 1488 modoque
602 1407 692 1469 illum
713 1407 875 1469 falsarium
890 1408 1031 1470 insanire
1046 1410 1275 1491 pueriliterque
1291 1411 1337 1472 lu-

110 1513 112 1517 ”
175 1509 265 1591 dere,
287 1507 343 1571 sed
365 1508 525 1588 quomodo
548 1509 583 1569 in
606 1529 730 1571 errores
750 1507 1041 1584 manifestissimos,
1064 1511 1282 1591 apertissimos
1305 1515 1338 1573 et

173 1631 253 1691 quos
270 1609 395 1691 pueruli
410 1608 474 1670 iam
491 1608 691 1691 deprendant
707 1608 847 1671 incidere
862 1610 1006 1691 potuerit
1027 1611 1070 1692 is,
1094 1612 1147 1691 qui
1171 1611 1255 1675 haud
1272 1633 1336 1673 me-

175 1711 276 1773 diocri
298 1711 428 1772 illorum
451 1711 632 1792 temporum
656 1710 893 1790 eorundemque
918 1712 1052 1792 cognitu
1075 1711 1159 1774 haud
1187 1713 1234 1775 ita
1262 1713 1336 1775 faoi·

174 1812 253 1874 lium
276 1811 410 1873 scientia
433 1813 482 1872 est
503 1811 695 1890 instructus,
726 1810 902 1891 quomodo,
933 1813 1114 1894 exemplum
1135 1816 1172 1874 ut
1195 1813 1335 1895 afferam,
1426 1856 1430 1860 -

175 1913 252 1974 licet
279 1912 432 1973 sescentis
462 1911 540 1974 locis
571 1920 603 1973 et
629 1933 686 1994 per
715 1915 817 1974 totam
845 1911 936 1973 illam
964 1912 1002 1975 de
1031 1912 1126 1975 domo
1156 1915 1336 1976 orationem

177 2012 385 2075 manifestum
419 2012 462 2074 sit
491 2011 619 2075 domum
650 2012 797 2075 Ciceroni
825 2034 892 2075 non
922 2034 990 2075 esse
1019 2013 1193 2094 redditam,
1227 2018 1336 2076 tamen

174 2114 271 2176 horno
294 2113 422 2175 illarum
444 2133 550 2174 rerum
572 2114 786 2194 peritissimus
809 2104 900 2175 illurn
923 2113 1036 2176 fecerit
1051 2114 1209 2177 dicentem
1225 2135 1336 2178 omnes

174 2215 237 2277 sibi
260 2235 328 2276 esse
351 2212 497 2275 fortunas
520 2213 678 2294 redditas,
712 2214 791 2276 talia
812 2216 869 2276 aut
890 2215 1111 2295 intellegenda
1130 2217 1185 2276 aut
1207 2216 1337 2296 integra

119 2375 122 2380 .
176 2318 268 2378 erant
290 2314 530 2396 relinquenda,
548 2335 619 2377 cum
642 2335 709 2377 11611
732 2315 838 2377 11111166
860 2315 1002 2378 habeant
1024 2315 1210 2378 offensionis
1233 2338 1336 2397 neque

174 2417 241 2479 ullo
270 2413 366 2478 modo
398 2415 597 2496 explicantur
624 2415 754 2479 falsario
782 2417 831 2478 illi
865 2417 950 2479 haud
983 2415 1114 2478 indocto
1146 2418 1336 2498 imperitovc
1411 2422 1413 2425 ’

175 2517 313 2598 ascripta
328 2518 423 2596 atque
439 2516 606 2597 imputata.
639 2496 821 2598 Inquirenti
837 2519 943 2578 autem
960 2508 1098 2577 inillam
1115 2519 1336 2596 quaestionem

174 2638 361 2700 semperque
384 2617 423 2679 ad
446 2618 651 2698 epistularum
674 2618 779 2680 locum
800 2616 976 2678 recurrenti
998 2615 1077 2678 haec
1098 2616 1178 2677 mihi
1200 2617 1235 2677 in
1250 2637 1337 2678 111611-

173 2723 240 2782 tem
262 2721 429 2796 venerunt,
453 2739 533 2799 quae
556 2718 647 2799 quasi
670 2719 762 2794 viam,
786 2739 848 2799 qua
862 2717 1015 2799 progredi
1031 2717 1134 2795 liceat,
1157 2720 1336 2780 monstrare

173 2821 332 2884 videntur.
378 2819 657 2881 Verisimillimum
687 2840 756 2882 esse
784 2818 863 2880 mihi
891 2817 1034 2898 persuasi
1058 2812 1245 2879 Ciceronem
1272 2819 1337 2880 iam

174 2924 345 3002 antequam
368 2919 503 2982 Romam
526 2921 615 2982 venit
638 2940 709 2981 cum
732 2918 858 2980 senatui
888 2917 1114 2997 singulisque*
1142 2919 1251 2980 amicis
1289 2919 1336 2979 in·

175 3023 313 3103 signiter
348 3019 387 3082 de
421 3042 455 3083 se
489 3021 612 3082 meritis
650 3023 720 3081 turn
750 3019 887 3080 maxime
920 3018 1006 3100 plebi
1041 3022 1173 3100 propter
1207 3019 1337 3081 comitia

174 3121 434 3205 splendidissima
464 3121 584 3202 gratias
618 3138 713 3200 agere
743 3121 777 3180 in
806 3120 914 3181 animo
950 3119 1110 3182 habuisse.
1166 3117 1200 3182 Si
1231 3124 1337 3184 autern

173 3224 276 3286 voluit
288 3223 408 3302 gratias
421 3242 525 3302 agere,
542 3221 580 3298 is,
598 3221 652 3301 qui
664 3241 837 3301 numquam
850 3219 916 3282 fere
927 3221 1102 3302 imparatus
1115 3219 1153 3282 ad
1167 3219 1337 3283 dicendum

175 3323 436 3406 aggrediebatur,
470 3321 562 3384 166116
596 3319 682 3382 credi
715 3323 823 3402 potest
856 3321 917 3383 vel
949 3343 1025 3384 uno
1057 3322 1117 3384 161
1151 3322 1337 3404 pluribus

176 3424 320 3487 diebus
354 3427 444 3486 61116
477 3423 549 3485 11166
581 3420 668 3503 Sept.
702 3421 785 3485 Non.
819 3421 897 3484 duas
920 3423 1081 3485 orationes
1111 3423 1336 3504 composuisse.

181 3524 272 3599 Quod
295 3545 370 3586 1616
393 3524 672 3587 turbulentissimo
695 3523 752 3586 illo
776 3522 843 3606 die,
879 3545 941 3604 quo
964 3527 1119 3587 nontam
1142 3526 1264 3605 gratias
1287 3546 1338 3587 cx-

179 3626 335 3707 spcctavit
351 3626 488 3707 populus
504 3647 523 3687 a
538 3620 691 3688 Cicerone
707 3646 801 3706 quam
816 3608 992 3706 ffistulavit
1007 3645 1154 3687 annonae
1169 3625 1337 3703 vilitatem,

178 3747 247 3789 eam
270 3747 364 3806 quam
388 3729 483 3788 antea
506 3726 684 3788 confectam
706 3726 843 3789 fortasse
871 3724 1011 3787 habebat
1045 3726 1224 3788 orationem
1252 3721 1336 3804 apud

178 3826 304 3909 plebem
337 3825 440 3890 dicere
468 3848 535 3890 non
556 3826 673 3909 potuit,
698 3827 773 3908 quid
797 3824 953 3907 estquod
976 3823 1151 3888 miremur?
1196 3823 1230 3887 Si
1253 3823 1336 3884 forte

177 3929 233 3990 1116
256 3949 336 4009 quae
359 3929 434 3990 61116
450 3927 561 3990 Nonas
584 3927 703 4011 scripta
724 3931 773 3991 661
796 3927 898 3990 616110
921 3923 962 3988 ad
983 3947 1043 3989 nos
1067 3925 1220 4006 pervenit,
1243 3943 1337 4004 prop-

176 4085 377 4095 ..ψ-.-

273 4163 397 4216 *1166616
420 4179 455 4215 an
479 4163 533 4216 huc
556 4163 674 4230 quadret
695 4178 745 4230 pro
767 4160 860 4214 Plano.
883 4158 976 4223 XLll,
1004 4164 1060 4213 101.
1096 4174 1140 4210 me
1163 4156 1186 4209 si
1204 4173 1291 4210 essem
1309 4155 1339 4208 in

181 4247 301 4318 patriam
320 4250 470 4314 restitutus,
488 4249 661 4316 praesentem
678 4246 731 4300 tibi
748 4244 878 4313 gratias
895 4243 1055 4297 relaturum.
