3030 4754
663 306 872 368 „14-

185 496 325 557 quonam
347 474 399 538 die
422 475 583 538 sententia
606 473 645 536 de
667 495 796 537 annona
819 474 904 537 dicta
930 475 989 555 sit,
1020 473 1159 538 dilucide
1189 475 1348 558 appareat.
1439 482 1441 488 '

185 576 303 639 Fateor
335 577 430 658 paulo
464 575 600 639 fortasse
631 574 758 657 planius
792 578 825 639 et
858 574 1044 638 distinctius
1081 575 1165 638 diem
1203 578 1347 658 potuisse

185 676 366 759 designari,
395 676 451 740 sed
474 676 598 739 infitior
622 676 791 758 quicquam
812 676 904 739 illum
926 676 1058 739 luminis
1080 677 1126 739 rei
1150 676 1346 756 adhibuisse,

187 799 257 841 cum
280 777 378 840 rerba
399 778 446 841 ita
468 776 700 859 distingueret:
732 797 802 858 „eo
831 776 968 859 bidu0,
1003 797 1075 839 cum
1097 778 1347 862 -postularet,

185 877 264 940 feci
293 881 333 940 et
359 878 604 941 sententiam
634 876 746 941 dixi.“
788 876 934 960 Namque
963 877 1065 940 multo
1091 898 1142 941 res
1172 899 1209 942 eo
1232 879 1271 940 fit
1292 879 1348 942 ob·

186 978 316 1055 scurior,
341 979 502 1060 quoniam,
525 979 553 1040 si
576 977 705 1060 quidem
727 1000 824 1060 supra
852 978 972 1060 aliquid
995 978 1166 1060 effecimus,
1195 979 1276 1042 illud
1304 1000 1347 1042 eo

185 1078 305 1142 biduo
333 1099 465 1161 prorsus
493 1100 560 1141 non
589 1081 748 1142 constat
772 1099 849 1140 num
872 1077 939 1142 dies
963 1079 1042 1142 duos
1059 1082 1228 1161 sequentes
1243 1081 1348 1161 possit

187 1179 380 1261 significare,
405 1183 438 1242 et
459 1181 488 1242 si
509 1179 542 1242 id
565 1183 682 1262 potest,
705 1183 814 1242 tamen
836 1200 904 1242 non
927 1178 1033 1242 debet.
1070 1179 1157 1254 Quae
1182 1179 1347 1244 distinctio

187 1283 292 1344 omnis
316 1281 487 1362 quominus
509 1278 607 1342 fidem
635 1281 795 1361 inveniat,
830 1279 911 1342 aliae
939 1280 1036 1343 etiam
1065 1280 1198 1344 obstant
1226 1301 1347 1344 causae.
1446 1275 1449 1280 ¹

148 1449 151 1453 ,
185 1380 319 1443 Etenim
340 1380 510 1445 collocatio
539 1381 596 1443 illa
623 1381 794 1444 verborum
823 1380 1026 1462 (eobidu0,
1058 1402 1130 1449 cum
1155 1415 1192 1428 -ε
1215 1403 1288 1454 oum
1316 1384 1348 1444 et

186 1503 216 1563 q.
241 1503 276 1563 s.,
299 1480 390 1562 feci)
413 1484 506 1544 tanta
528 1482 761 1544 sententiarum
794 1481 886 1564 copia
919 1484 1072 1564 tantaque
1107 1483 1349 1546 enuntiatorum

186 1583 271 1645 mole
293 1583 487 1664 interposita
508 1583 562 1645 vix
583 1603 620 1645 ac
641 1603 682 1644 ne
704 1583 759 1662 vin
779 1581 909 1664 quidem
937 1585 1047 1665 potest
1073 1582 1159 1647 ferri.
1202 1582 1348 1663 Accedit,

186 1683 272 1765 quod
313 1683 464 1746 divellere
501 1704 543 1747 eo
581 1682 703 1746 biduo
740 1683 780 1746 ab
815 1684 984 1746 enuntiato
1020 1683 1166 1765 proximo
1203 1683 1348 1746 vetamur

185 1784 317 1867 linguae
359 1783 494 1847 Latinae
534 1787 650 1847 natura
691 1784 817 1866 saepius
848 1775 1053 1866 ‘pronomina
1080 1783 1348 1847 ¹demonstrativa

186 1885 361 1948 enuntiatis
394 1885 537 1949 relativis
570 1886 799 1969 praeponentis
830 1884 908 1967 (cfrs
929 1884 1083 1966 Nagelsb.
1110 1885 1165 1951 lat.
1196 1881 1347 1966 Stilistik,

186 1990 205 2066 ξ
230 1986 290 2050 189
313 2007 350 2049 eo
372 2007 444 2049 cum
466 1987 622 2069 venisset3
646 2008 683 2049 ea
704 2007 754 2049 res
777 1989 815 2049 ut
837 1994 884 2050 est
906 1985 1095 2066 enuntiata).

270 2086 421 2150 Alterum
436 2091 543 2150 autem
558 2086 675 2150 Blatzii
690 2090 916 2168 argumentum
932 2089 982 2150 est
1000 2086 1076 2150 hoc:
1105 2084 1139 2150 Si
1156 2107 1198 2150 eo
1221 2087 1262 2150 bi
1273 2086 1347 2150 d'uo
1406 2131 1409 2138 ·

186 2187 227 2251 ad
248 2188 330 2271 prid.
352 2187 438 2255 Non.
462 2191 495 2251 et
515 2186 626 2251 Nonas
649 2185 816 2268 referatur,
850 2187 1012 2250 sententia
1034 2187 1136 2268 igitur
1159 2187 1198 2250 de
1219 2209 1349 2252 annona

188 2293 221 2352 et
243 2290 351 2352 contio
374 2289 431 2351 illa
452 2288 569 2352 cadant
590 2289 625 2350 in
647 2287 758 2351 Nonas
780 2288 877 2369 ipsas,
901 2289 1078 2369 quattuor*
1112 2275 1292 2370 orationes,
1315 2288 1348 2351 id

187 2389 272 2472 quod
295 2388 381 2453 credi
403 2411 470 2453 non
491 2390 611 2472 possit,
644 2388 809 2452 credamus
832 2409 960 2452 necesse
983 2409 1052 2452 esse
1075 2386 1262 2454 Ciceronem
1292 2388 1349 2453 illo

189 2490 240 2553 die
269 2490 397 2553 dixisse.
442 2489 506 2554 Sed
534 2489 658 2553 illaad
689 2489 829 2564 Quirites
859 2489 977 2567 oratio,
1008 2511 1090 2571 quae
1111 2493 1281 2573 propterea
1303 2492 1351 2552 in—

187 2593 299 2674 primis
323 2596 372 2655 est
394 2591 647 2672 suspectissimi,
671 2589 829 2672 quiahoc
851 2589 1061 2670 epistularum
1083 2590 1153 2652 loeo
1177 2611 1244 2652 non
1267 2610 1349 2653 oom-

186 2695 392 2775 memoratur,
416 2690 493 2773 quid
515 2691 609 2754 nobis
631 2690 834 2753 necessitatis
856 2690 997 2771 imponit
1018 2689 1168 2753 tenebras
1188 2689 1263 2754 huic
1277 2691 1347 2754 loco
1433 2769 1435 2773 Ι

188 2792 398 2862 offundendi‘l
446 2791 531 2856 Nam
564 2791 659 2855 huius
689 2792 752 2855 loci
787 2791 1012 2873 interpretatio
1052 2813 1119 2854 non
1154 2790 1274 2872 pendet
1309 2812 1347 2854 ex

187 2894 245 2957 illa
267 2894 413 2957 oratione
436 2893 491 2957 sed
513 2897 661 2958 nostrum
684 2892 724 2956 de
746 2892 802 2955 illa
824 2892 970 2954 oratione
991 2891 1146 2954 iudicium
1167 2891 1288 2974 pendet
1308 2913 1346 2955 ex

187 2993 283 3058 huius
311 2994 372 3058 loci
400 2994 678 3078 interpretatione.
722 2990 757 3055 si
785 2995 892 3054 autem
921 2991 978 3054 illa
1006 2992 1045 3055 ad
1074 2991 1214 3067 Quirites
1246 2994 1349 3056 oratio

187 3096 223 3157 in
245 3094 333 3158 illius
356 3095 420 3159 diei
442 3085 608 3166 contione.
642 3114 722 3175 quae
750 3091 790 3157 de
823 3113 858 3156 re
886 3092 1095 3156 frumentaria
1122 3097 1206 3175 erat,
1238 3093 1349 3157 haberi

187 3217 255 3259 non
298 3197 421 3278 potuit,
459 3194 573 3277 quidni
604 3193 694 3257 illam
727 3193 859 3257 omnino
894 3213 1050 3276 negemus
1079 3215 1148 3258 esse
1184 3194 1350 3257 habitam?

187 3296 331 3360 Blatzius
354 3299 466 3359 contra
488 3296 616 3378 aliique,
638 3299 676 3358 ut
690 3294 793 3359 Nonis
812 3294 891 3377 ipsis
907 3295 1010 3358 oratio
1026 3295 1066 3358 ad
1083 3295 1224 3370 Quirites
1239 3295 1350 3358 habita

189 3418 259 3461 esse
300 3397 437 3479 cogitari
466 3398 586 3480 possit,
627 3396 821 3460 sententiam
865 3393 904 3457 de
942 3416 1071 3459 annona
1103 3397 1349 3478 contionemque
1388 3457 1389 3461 ,

189 3498 278 3561 illam
301 3497 399 3562 biduo
421 3501 497 3581 post
517 3499 539 3566 i.
569 3521 596 3562 e.
622 3501 697 3562 ante
726 3496 811 3558 diem
840 3494 912 3564 Vll.
941 3496 988 3561 ld.
1016 3495 1104 3579 Sept.
1134 3496 1252 3560 dictam
1281 3517 1350 3559 esse

189 3597 404 3681 contendunt,
452 3599 719 3663 artificiosissime
756 3618 900 3679 quaeque
939 3597 1144 3679 asciscentes,
1190 3620 1285 3680 quam
1315 3598 1350 3659 in

190 3699 330 3782 simplici
356 3699 451 3764 huius
479 3701 542 3764 loci
564 3695 832 3781 interpretatione
854 3696 1114 3780 adquiescentes,
1144 3700 1262 3782 quippe
1284 3698 1350 3780 qui,

190 3800 247 3863 illa
270 3801 373 3865 oratio
397 3802 424 3865 si
446 3799 543 3865 hodie
564 3822 633 3865 non
666 3801 817 3880 exstaret,
860 3797 956 3861 aliter
984 3801 1080 3881 atque
1108 3820 1168 3864 nos
1196 3801 1351 3882 interpre-

287 3971 302 4004 *
322 3975 345 4027 1,
365 3967 464 4032 oratio,
483 3984 546 4022 cum
563 3965 674 4022 senatui
691 3965 864 4034 gratiasegit.

320 4059 344 4112 2.
363 4053 493 4119 oratio,
510 4069 581 4106 cum
599 4051 724 4120 populo
743 4048 961 4119 gratiasogit.

318 4145 342 4191 3.
362 4137 499 4191 sententia
516 4136 549 4190 de
567 4134 776 4191 annona'dicta.

320 4229 344 4277 4.
363 4221 461 4276 contio.
