3030 4754
654 345 862 406 „27-

173 518 242 576 tum
266 514 305 577 ad
336 514 479 576 Atticum
509 512 598 574 misit
621 512 759 594 epistula
782 512 860 574 dicit
886 511 980 575 haec:
1009 510 1122 592 Itaque
1151 512 1252 574 oratio
1280 510 1336 593 (de

176 607 285 695 domo)
308 615 469 677 iuventuti
491 616 622 676 nostrae
646 612 755 676 deberi
777 634 844 675 non
866 615 989 695 potest,
1024 633 1119 694 quam
1148 613 1209 674 tibi
1240 614 1337 674 etiam

174 717 201 778 si
224 738 290 778 non
314 714 487 797 desideras,
510 716 619 776 tamen
642 715 769 776 mittam
791 713 854 776 cito
877 713 930 793 (ad
954 714 1022 776 Att.
1044 713 1101 777 IV.
1126 713 1168 794 II,
1191 714 1235 795 2).
1266 712 1336 787 Quo

173 820 320 899 tempore
343 818 505 880 orationes
528 819 603 898 post
624 815 764 878 reditum
788 815 815 876 si
839 815 1007 898 edidisset,
1042 817 1112 877 sine
1141 813 1239 877 dubio
1269 815 1337 877 eius

174 919 222 980 rei
244 918 301 981 illo
325 918 395 981 loco
419 917 616 980 mentionem
638 916 776 979 fecisset.
821 914 859 978 In
889 916 1016 979 scriniis
1049 916 1151 997 igitur
1173 912 1337 978 Ciceronis

174 1041 299 1101 semper
321 1040 423 1101 usque
446 1017 486 1081 ad
509 1021 645 1080 mortem
661 1017 793 1079 latuisse
808 1017 967 1084 videntur,
993 1014 1071 1080 Cum
1088 1021 1195 1079 autem
1210 1019 1337 1080 mortuo

175 1116 329 1182 Cicerone
352 1141 423 1182 curn
452 1119 507 1181 alii
543 1118 766 1181 commentarii
796 1118 911 1180 inediti
940 1117 1006 1198 (cir.
1033 1118 1142 1191 Quint.
1164 1117 1211 1198 X„
1232 1119 1261 1198 1,
1284 1117 1338 1197 31)

174 1223 243 1282 tum
266 1221 322 1282 illa
345 1221 384 1282 ad
401 1220 541 1295 Quirites
566 1219 667 1282 oratio
691 1219 740 1280 vel
764 1219 797 1280 in
814 1218 944 1282 Tironis
966 1219 1018 1282 vel
1040 1220 1074 1280 in
1097 1219 1198 1282 Attici
1221 1218 1339 1280 scrinia

174 1321 262 1384 illius
293 1321 566 1403 perscrutantium
598 1319 650 1382 vel
683 1319 717 1381 in
750 1318 835 1381 Livii
868 1321 919 1383 vel
949 1321 983 1383 in
1016 1321 1188 1384 cuiuslibet
1224 1340 1337 1381 manus

176 1423 356 1502 venissent,
386 1443 496 1484 nonne
517 1421 696 1483 necessario
719 1420 754 1481 in
778 1442 850 1482 eum
873 1442 1012 1485 errorem
1034 1419 1159 1483 inducti
1182 1423 1273 1495 sunt,
1301 1423 1338 1481 ut

176 1521 280 1586 Nonis
297 1521 386 1605 Sept.
403 1519 590 1585 Ciceronem
606 1521 725 1604 populo
741 1523 862 1603 gratias
879 1523 984 1604 egisse
1007 1521 1195 1585 crederent?
1224 1520 1338 1595 Quam·

175 1623 286 1686 obrem
314 1623 399 1686 haud
434 1644 593 1705 quaquam
627 1622 734 1685 hercle
769 1622 951 1685 mirandum
989 1619 1134 1686 Cassium
1176 1623 1339 1686 Dionem*

174 1725 257 1786 veris
281 1724 362 1788 falsa
390 1724 555 1787 miscuisse
576 1724 627 1786 vel
643 1723 847 1786 scholiastam
870 1723 1011 1806 talequid
1038 1721 1134 1810 [quod
1151 1743 1281 1805 prorsus
1304 1723 1339 1784 in

173 1827 360 1888 universum
383 1829 431 1887 est
454 1825 574 1887 dictum
596 1846 701 1906 neque
723 1824 908 1887 ullo'modo
933 1826 1010 1888 novi
1037 1827 1206 1906 quiequam
1232 1824 1292 1885 affe
1310 1821 1336 1908 tl

174 1926 270 1989 nobis
301 1925 465 1993 exhibere:
506 1925 739 1988 Restitutus
777 1925 820 1988 M.
854 1924 1015 1988 Tullius
1055 1947 1138 1989 cum
1183 1925 1337 2008 gratias

175 2028 330 2109 egisset
352 2027 512 2089 senatui
534 2027 654 2088 etiam
676 2027 828 2108 populo
851 2028 1006 2108 gratias
1036 2027 1338 2109 consequenter

174 2126 352 2210 agendas
376 2127 604 2190 arbitratus
626 2129 666 2189 in
696 2128 925 2191 contionem
958 2129 1169 2211 processit.
1215 2127 1338 2202 Quibus

176 2228 330 2311 expositis
353 2228 487 2291 alteram
511 2228 550 2291 ad
574 2228 717 2307 Quirites
740 2230 920 2292 orationem
943 2234 975 2292 et
997 2230 1104 2294 minus
1127 2230 1337 2312 suspiciosam

175 2351 244 2393 esse
267 2333 300 2393 et
321 2330 429 2392 minus
450 2329 545 2391 nobis
569 2328 737 2410 displicere
759 2329 862 2393 habeo
884 2315 1173 2413 persuasissimum.

258 2429 465 2493 Absolvimus
502 2430 592 2492 illam
629 2429 668 2492 de
705 2431 806 2493 altera
842 2430 881 2493 ad
920 2429 1061 2504 Quirites
1106 2433 1337 2519 quaestionem.

173 2530 287 2595 Restat
305 2534 342 2594 ut
357 2530 434 2611 quid
450 2530 496 2592 de
517 2533 647 2613 prima
668 2535 761 2615 post
780 2532 952 2595 reditum
968 2533 1154 2615 sentiamus,
1178 2533 1216 2595 ad
1241 2554 1337 2616 quam

175 2633 272 2696 etiam
295 2635 392 2714 atque
414 2632 511 2694 etiam
535 2633 639 2696 oratio
667 2634 731 2695 iam
762 2637 811 2696 est
841 2632 986 2716 delapsa,
1020 2635 1129 2717 paucis
1159 2634 1336 2716 explanem.

173 2734 358 2815 Antequam
391 2731 424 2794 id
457 2731 627 2814 faciamus,
660 2734 803 2796 tenebris
827 2735 1018 2815 quibusdam
1050 2736 1100 2798 vel
1134 2736 1242 2818 potius
1271 2756 1337 2798 cre·

173 2835 305 2919 pusculo
334 2832 420 2916 quod
449 2833 483 2894 in
513 2854 549 2896 ea
582 2854 663 2913 quae
698 2836 746 2895 est
780 2833 819 2894 de
852 2833 946 2895 domo
981 2837 1126 2898 oratione
1160 2836 1335 2915 invenitur,

172 2937 282 3000 lumen
305 2939 354 2998 est
376 2933 582 2997 afferendum.
614 2932 684 3007 Quo
709 2933 779 2997 loco
801 2934 918 2994 mirum
941 2940 1097 3014 quantum
1119 2935 1217 2998 habet
1240 2937 1338 3000 offen-

127 3056 134 3067 ’
173 3021 274 3099 sionis
296 3036 418 3119 gratias
443 3035 571 3097 senatui
586 3036 671 3096 actas
692 3056 759 3097 non
780 3035 1031 3115 commemorari,
1058 3056 1129 3096 cum
1149 3039 1338 3118 praesertim

173 3157 389 3218 quaecumque
404 3135 489 3200 Non.
508 3133 594 3217 Sept.
611 3139 682 3197 acta
697 3156 765 3197 esse
782 3156 819 3197 ex
835 3132 998 3197 Ciceronis
1020 3135 1158 3216 epistula
1179 3137 1338 3199 intellexi·

172 3258 253 3318 mus,
264 3238 458 3320 singillatim
469 3236 691 3319 proferantur:
703 3235 909 3298 turbulentus
917 3236 984 3298 dies
998 3235 1206 3317 (dedomlll,
1219 3237 1337 3314 {bnon-

172 3338 254 3400 nulli
271 3360 304 3400 se
324 3339 360 3400 in
374 3341 489 3401 senatu
504 3341 575 3404 tuto
591 3359 658 3400 non
674 3358 743 3400 esse
758 3337 956 3399 arbitrantur
972 3336 1041 3418 (IV,
1061 3337 1103 3416 8.)
1120 3336 1257 3419 populus
1276 3336 1338 3399 Ro-

173 3459 286 3500 manus
310 3438 347 3501 ad
373 3441 522 3502 senatum
544 3442 677 3502 venerat
698 3438 784 3519 (VII,
809 3439 859 3518 15)
870 3487 878 3520 ‚
912 3439 1034 3519 petitur
1056 3461 1075 3500 a
1097 3432 1250 3498 Cicerone
1272 3435 1338 3497 fru-

173 3539 276 3602 menti
308 3541 414 3620 copia,
448 3562 594 3604 annonae
627 3540 735 3604 vilitas
769 3539 845 3620 (Vl,
880 3539 931 3620 16)
967 3539 1128 3621 delegavit
1161 3537 1262 3599 amico
1293 3557 1334 3599 sc.

173 3639 327 3721 Pompeio
362 3662 509 3704 annonae
544 3663 652 3706 curam
679 3641 937 3723 sententiamque
965 3640 1046 3702 dixit
1074 3637 1150 3720 (VI,
1176 3638 1237 3720 16),
1265 3659 1338 3719 pos·

172 3741 269 3804 tridie
293 3746 424 3805 senatus
447 3743 598 3825 frequens
622 3742 691 3826 (cfr
715 3742 771 3822 IV,
796 3743 825 3821 9,
851 3742 898 3806 10.
922 3746 1051 3806 senatus
1073 3741 1239 3822 frequenS‚
1267 3760 1338 3802 cum

260 4014 273 4047 '¹‘
291 4013 348 4065 Aut
365 4009 450 4064 fallor
470 4011 520 4063 aut
531 4027 564 4064 ex
579 4009 664 4064 Cassii
678 4011 775 4064 Dionis
788 4011 878 4066 verbis
889 4011 934 4064 his
947 4011 1087 4080 (XXXIX,
1102 4014 1143 4074 10)
1163 4005 1205 4061 ον’
1222 4007 1338 4077 μέντοι

174 4098 324 4164 (Καῖσαρ
355 4098 414 4151 καὶ
445 4094 614 4163 Κράσσος)
645 4095 694 4149 καὶ
728 4096 826 4167 χάριν
853 4093 1022 4164 ου’δεμίαν
1051 4093 1259 4163 α’ντὲλαβον,
1287 4094 1340 4146 for·

173 4182 245 4235 tasse
264 4182 391 4236 concludi
408 4182 474 4236 licet
487 4181 604 4235 Dionem
622 4182 760 4237 orationes
778 4185 843 4252 post
859 4182 987 4247 reditum,
1007 4198 1039 4235 ex
1058 4180 1158 4248 quibus
1171 4179 1199 4232 id
1211 4176 1338 4248 inprimis

172 4266 301 4333 cognosci
318 4266 421 4335 potuit,
439 4265 599 4335 respexisse.
