3030 4754
653 326 690 336 ...
740 293 776 354 16
809 294 859 339 ’.-

173 456 285 538 primis
315 454 354 518 de
383 451 530 520 annonae
553 477 628 520 cura
661 459 690 521 ei
721 463 793 522 erat
826 457 1010 540 dicendum,
1048 458 1170 523 habuit.
1204 483 1266 541 qua
1299 460 1337 525 de

176 557 328 619 contione
365 561 450 620 recte
483 557 641 622 iudicasse
675 559 831 624 Wolfium
864 562 997 642 apparet
1031 559 1124 622 haec:
1161 558 1336 623 Ferratii

174 658 526 722 coniectura'eam
563 661 795 723 contionem
832 664 872 724 et
906 659 1007 723 hanc
1044 659 1099 740 (ad
1139 660 1334 746 Quirites)

174 760 1336 844 orationemeandemcensentisparumprobabilisputari

174 859 298 923 debet
319 899 360 907 —
382 882 511 942 neque
534 860 631 925 adeo
654 882 809 927 causam
831 861 960 945 video,
984 883 1105 943 quare
1123 863 1336 925 illumnon

174 960 218 1023 de
253 960 326 1024 hoc
353 962 441 1044 ipso
476 962 659 1044 negotio,
704 963 808 1044 quod
841 965 923 1025 tum
955 963 1335 1044 maximeurgebat,

174 1082 267 1125 cura
299 1062 358 1124 rei
391 1061 684 1126 frumentariae
718 1065 994 1128 contionatum
1029 1085 1114 1127 esse
1142 1066 1335 1146 putemne.

175 1161 238 1225 Sed
261 1163 394 1226 missum
416 1164 480 1226 iarn
513 1163 666 1227 faciamus
700 1163 785 1227 hunc
817 1166 937 1247 locum,
973 1164 1012 1227 ad
1046 1186 1139 1246 quem
1168 1163 1335 1227 redeamus

172 1284 302 1326 necesse
325 1267 374 1326 est
395 1255 430 1326 in
451 1265 555 1346 prima
576 1268 651 1346 post
672 1264 811 1328 reditum
834 1267 979 1329 oratione
1002 1264 1228 1347 percensenda.
1266 1334 1278 1348 α

218 1415 224 1423 .
259 1361 331 1427 Stat
363 1365 465 1447 igitur
499 1364 538 1428 de
567 1365 777 1447 epistularum
805 1367 862 1430 illo
894 1368 964 1430 loeo
998 1366 1170 1430 sententia.
1213 1365 1336 1429 Eamne

173 1467 333 1548 patiemur
369 1467 537 1528 convertis
553 1488 647 1548 posse
681 1470 776 1549 atque
798 1469 961 1530 immutari
985 1464 1087 1529 Cassii
1110 1466 1225 1529 Dionis
1247 1467 1337 1528 testi·

173 1566 282 1630 monio
311 1565 394 1629 hoc?
439 1565 604 1646 (XXXIX,
633 1568 664 1648 9)
699 1569 858 1650 Κατῆλθέ
889 1590 924 1631 τε
959 1558 1023 1631 οὖν
1059 1565 1255 1649 ὁΚικέρων
1283 1566 1336 1628 καὶ

173 1666 273 1748 χάριν
289 1670 367 1749 crire
381 1668 495 1750 βουλγῘ
509 1667 564 1730 καὶ
579 1675 624 1752 τῷ
641 1669 734 1752 δήμῳ
749 1668 993 1750 παρασχόντων
1008 1665 1099 1754 αὐτῷ
1114 1671 1182 1732 τῶν
1198 1665 1337 1730 ὑπάτων

174 1767 230 1830 καὶ
258 1763 341 1830 κατὰ
363 1767 400 1829 τό
430 1768 613 1850 συνέδριον
641 1769 695 1833 καὶ
725 1767 810 1832 κατα
840 1766 903 1851 τὴν
934 1769 1116 1852 ἐκκλησίαν
1144 1770 1230 1851 ἔγνω
1253 1770 1337 1851 coire

174 1870 339 1953 Πομπηίῳ
366 1864 429 1949 τὴν
455 1869 582 1950 ἔχθραν
612 1867 674 1958 τὴν
697 1869 752 1934 ἐπὶ
767 1876 807 1954 τῇ
825 1872 917 1953 φυγῇ
932 1870 1046 1952 μεθεὶς
1064 1869 1258 1952 σονηλλάγη
1274 1868 1337 1951 τήν

174 1991 209 2032 τε
239 1965 436 2050 εὐεργεσίαν
463 1977 664 2054 παραχρῆμα
692 1970 854 2036 ἀπέδωκε.
900 1974 1011 2053 Λιμοῦ
1033 1970 1097 2052 γαρ
1121 1970 1218 2054 ε’ντῇ
1240 1969 1337 2033 πόλει

175 2071 318 2151 ἰσχυροῦ
347 2070 533 2150 γενομένου
562 2074 618 2134 καὶ
643 2066 705 2135 τοὺ
728 2071 848 2154 ὁμίλου
870 2068 995 2159 ααντὸς
1017 2074 1050 2146 ἔς
1071 2094 1107 2134 τε
1128 2069 1166 2135 τὸ
1188 2069 1336 2152 θέατρον

174 2171 249 2263 (οἵῳ
273 2171 309 2235 δὲ
336 2167 376 2252 δή
400 2171 455 2232 καὶ
469 2168 545 2235 τότε
573 2175 622 2236 ἔτι
643 2172 777 2258 θεάτρῳ
802 2173 836 2248 ἐς
857 2170 915 2247 τας
937 2172 1143 2254 πανηγύρεις
1171 2171 1335 2254 ἐχρῶντο)

175 2272 231 2336 καὶ
243 2271 324 2354 μετὰ
340 2276 439 2362 τουτο
463 2275 519 2336 καὶ
536 2274 569 2350 ἐς
591 2271 628 2337 τὸ
639 2273 853 2337 Καπιτώλιον
869 2259 930 2338 art
940 2270 1019 2348 τοὺς
1033 2269 1219 2354 βουλευτὰς
1235 2289 1337 2355 συνε-

174 2372 357 2454 δρεύοντας
380 2373 635 2458 ἐςπηὸήσαντος·
659 2376 714 2438 καὶ
729 2375 803 2439 τοτὲ
837 2374 899 2458 μὲν
915 2375 954 2438 ἐν
969 2374 1085 2456 χερσὶν
1108 2371 1231 2448 αὐτούς
1251 2371 1335 2436 ἀπο-

176 2474 317 2555 σφάξειν
328 2474 401 2538 τοτὲ
415 2475 450 2538 δὲ
464 2475 519 2539 καὶ
532 2475 761 2558 καταπρήσειν
774 2473 961 2548 σῦναύτοϊς
971 2485 1041 2550 τοῖς
1053 2471 1336 2549 ναοῖςάπειλοῦν-

174 2598 229 2649 τος
253 2578 284 2637 et
300 2596 330 2656 q.
347 2596 371 2638 e.
396 2576 504 2639 Primo
528 2577 652 2654 obtutu,
676 2578 761 2639 inter
777 2576 893 2640 Dionis
917 2580 949 2639 et
964 2574 1127 2639 Ciceronis
1150 2576 1336 2638 testimonia

174 2675 251 2757 quid
283 2677 427 2756 intersit,
464 2679 599 2759 quisque
630 2677 762 2741 videbit.
807 2677 884 2740 Hic:
918 2683 958 2739 in
995 2680 1137 2741 senatu
1176 2675 1334 2758 gratiae

174 2779 300 2855 actae,
335 2777 442 2840 dicta
474 2778 520 2841 de
559 2801 718 2842 annona
755 2779 982 2857 sententia,
1020 2781 1162 2860 postea
1199 2776 1335 2840 contio

90 2893 93 2903 ’
175 2876 331 2956 habita3
355 2877 454 2941 alium
476 2879 531 2942 ille
553 2901 660 2942 rerum
676 2879 822 2942 ordinem
837 2879 995 2942 instituit:
1019 2879 1059 2941 in
1082 2881 1225 2942 senatu
1247 2897 1337 2959 gra·

174 2979 255 3041 tiae
283 2982 408 3056 actae,
441 2981 588 3062 populo
618 2982 666 3062 (in
693 2981 845 3044 contione
872 2979 1006 3059 scilicet)
1035 2979 1228 3042 similiter
1249 2997 1337 3060 gra·

174 3079 256 3142 tiae
279 3084 403 3158 actae,
427 3085 566 3163 postea
588 3083 779 3144 ins⁴enatu
801 3081 901 3145 dere
921 3080 1335 3144 frumentariaactum.

176 3177 313 3243 Constat
337 3180 453 3244 Dionis
482 3182 579 3245 fidem
605 3182 746 3265 pendere
774 3204 812 3246 ex
841 3182 945 3261 fonte,
977 3181 1063 3244 unde
1091 3180 1208 3244 hausit.
1254 3179 1338 3254 Quo·

175 3282 263 3343 niam
292 3285 399 3344 autem
426 3283 516 3346 nulla
545 3283 642 3346 ullius
672 3305 722 3346 res
743 3285 925 3363 momenti,
960 3304 1041 3364 quae
1072 3304 1091 3345 a
1123 3280 1228 3345 Dione
1262 3280 1334 3342 libr.

179 3379 326 3446 XXXIX.
350 3383 455 3446 6-40
476 3388 633 3463 narratur,
656 3385 692 3446 in
712 3383 797 3447 Livii
819 3385 976 3448 librorum
999 3381 1082 3446 OlV.
1106 3384 1139 3444 et
1160 3379 1226 3444 GV.
1253 3400 1337 3443 sum·

177 3484 278 3546 mario
295 3485 492 3562 omittitur,*
514 3506 581 3548 non
596 3506 727 3567 prorsus
751 3487 800 3548 est
822 3484 1019 3549 reiciendum
1041 3482 1074 3545 id
1097 3480 1182 3564 quod
1205 3479 1268 3544 Dio
1297 3480 1336 3545 de

175 3584 289 3665 gratiis
311 3586 431 3666 populo
439 3586 475 3623 *²¹⁸
497 3587 576 3649 actis
594 3585 706 3666 refert,
730 3585 786 3649 sed
810 3607 826 3648 e
848 3585 932 3650 Livii
954 3585 1091 3649 fortasse
1112 3583 1205 3646 libris
1228 3582 1337 3664 deper—

260 3719 273 3747 *
297 3719 344 3772 cfr.
380 3718 516 3771 Grasehof
548 3718 582 3773 de
619 3714 744 3772 fontibui
778 3720 808 3771 et
835 3717 1000 3772 auctoritate
1028 3715 1126 3770 Dionis
1155 3714 1227 3771 Cass.
1259 3715 1334 3770 0000.

176 3801 265 3859 Bonn,
285 3807 360 3861 1867,

246 3890 276 3922 **
294 3887 336 3940 Ex
359 3885 450 3940 verbis
484 3885 627 3939 summarii
653 3885 729 3939 illine
755 3885 811 3939 his:
843 3886 879 3938 M.
910 3883 1026 3939 Cicero
1058 3883 1217 3951 Pompeio
1247 3882 1337 3934 inter

176 3973 267 4026 alios
280 3973 443 4029 oranteet
456 3971 487 4023 Τ.
500 3971 612 4025 Annio
628 3970 755 4024 Milone
773 3970 913 4024 tribuno
932 3969 1044 4036 plebis
1062 3969 1183 4035 agente
1201 3964 1338 4035 ingenti

177 4056 302 4124 gaudio
320 4057 456 4109 senatus
474 4071 510 4107 ac
526 4054 635 4110 totius
653 4053 778 4107 Italiae
796 4054 836 4106 ab
855 4052 977 4107 exsilio
994 4052 1154 4106 reductus
1173 4052 1230 4104 eet.
1250 4050 1337 4104 Gneo

178 4140 336 4209 Pompeio
355 4156 413 4208 per
431 4138 703 4207 quinquennium
725 4153 878 4192 annonae
901 4152 979 4191 cura
1000 4136 1160 4189 mandata
1181 4139 1243 4200 est,
1270 4153 1337 4187 num

178 4224 273 4278 Livius
291 4224 396 4292 gratiae
413 4225 518 4293 populo
536 4225 611 4278 actas
629 4221 892 4290 commemoraverit,
910 4223 983 4276 certo
1002 4219 1128 4274 concludi
1146 4237 1201 4275 non
1218 4221 1318 4289 potest,
