3030 4754
678 279 867 342 -3-

186 448 310 528 deesse,
337 469 417 511 neve
440 469 519 529 opus
543 468 611 511 esse
635 448 850 532 Wesenbergi
873 450 1070 513 correctione
1093 471 1204 531 quam
1228 449 1350 513 dede-

186 553 280 613 runt
308 549 502 613 scribentis*
536 570 631 612 nemo
658 571 741 613 unus
769 550 913 632 negabit.
958 550 1187 632 Digladientur
1214 551 1269 614 alii
1292 573 1348 633 per

186 672 237 713 me
265 650 341 713 licet
363 651 402 713 de
425 650 512 729 aliis,
543 670 623 731 quae
646 650 685 713 ad
709 653 904 714 sententiam
926 652 1099 714 eruendam
1122 652 1259 715 multum
1281 674 1348 715 non
1458 735 1461 740 Ι

186 750 326 832 faciunt,
359 752 448 813 velut
475 753 582 813 utrum
617 751 672 815 ad:
717 773 799 815 meo
828 753 1225 815 nomine'recitando
1259 774 1350 835 prae-

185 852 306 934 positio
339 852 382 913 in
417 849 563 914 addenda
595 852 639 914 sit
678 873 793 934 necne3
829 874 925 934 quam
960 873 1027 915 rem
1063 851 1245 936 Sauppius*
1279 875 1351 935 pro-

186 952 315 1034 fligasse
344 956 377 1015 et
404 951 444 1015 ad
473 952 593 1014 exitum
620 953 747 1016 videtur
775 952 953 1018 adduxisse.
998 953 1069 1018 Hoc
1098 955 1237 1017 effecisse
1271 955 1349 1017 satis

186 1051 290 1117 habeo
311 1054 442 1116 maioris
465 1052 611 1115 lacunam
634 1054 773 1117 ambitus
796 1076 853 1136 per
875 1057 976 1118 totam
998 1056 1103 1118 locum
1118 1076 1185 1118 non
1193 1055 1349 1118 inveniri.

270 1152 509 1235 Aggrediamur
537 1154 601 1216 iam
623 1154 663 1218 ad
686 1157 907 1236 quaestionem
928 1159 1082 1228 nontam
1106 1155 1270 1218 difficilem
1293 1176 1350 1237 per

185 1275 265 1335 sese,
289 1274 385 1337 quam
399 1255 510 1317 multis
526 1276 606 1336 quae
621 1276 740 1337 magno
756 1255 796 1318 ad
818 1256 1074 1338 persuadendum
1096 1261 1260 1319 momento
1282 1278 1350 1319 non

187 1357 264 1418 sunt
291 1355 397 1418 allatis
425 1357 542 1418 mirum
569 1356 605 1417 in
626 1356 756 1419 modum
779 1360 960 1420 contortam
984 1357 1244 1440 impeditumque.
1288 1357 1350 1420 Illa

188 1456 273 1517 enim
295 1456 393 1519 verba
413 1478 454 1519 eo
471 1456 589 1520 biduo
606 1456 682 1538 quid
698 1458 884 1538 significent
906 1479 1001 1539 quam
1023 1459 1159 1520 maxime
1182 1457 1347 1520 hominum

187 1556 355 1620 doctorum
383 1557 541 1620 dissident
569 1559 759 1624 sententiae.
803 1558 1039 1621 Proficiscimur
1066 1562 1173 1621 autem
1202 1559 1242 1621 ab
1266 1559 1351 1621 abla-

161 1657 254 1719 tivo
288 1657 408 1721 biduo
415 1707 424 1739 ,
459 1661 547 1721 cuius
581 1679 661 1740 quae
691 1659 734 1720 sit
761 1659 809 1721 vis
842 1662 938 1740 atque
966 1662 1081 1721 natura
1115 1680 1235 1740 quaeve
1266 1661 1352 1721 ratio'

187 1759 411 1841 grammatica,
442 1759 567 1841 ambigi
595 1759 727 1822 omnino
758 1781 824 1822 non
851 1763 1053 1842 potest3est
1082 1761 1167 1822 enim
1195 1761 1350 1841 temporis

188 1859 347 1923 ablativus
371 1859 558 1942 significans
582 1859 647 1922 vel:
671 1882 727 1922 zur
743 1860 813 1923 Zeit
835 1860 949 1922 zweier
965 1859 1063 1942 Tage,
1087 1882 1127 1922 an
1143 1862 1220 1922 zwei
1237 1860 1351 1941 Tagen
1396 1895 1399 1900 ·

145 2045 147 2048 Α
186 1958 238 2022 vel
260 1960 295 2021 in
318 1961 423 2023 einem
446 1960 501 2023 der
519 1961 680 2025 Memento
703 1962 818 2024 zweier
844 1961 933 2043 Tage
957 1964 988 2023 et
1010 1962 1057 2023 ita
1078 1960 1220 2042 quidem,
1242 1964 1279 2023 ut
1299 1959 1350 2023 vel

187 2059 222 2122 in
254 2060 393 2141 primum
421 2062 472 2124 vel
500 2062 533 2123 in
561 2062 711 2124 ultimum
739 2063 789 2124 vel
818 2064 853 2124 in
883 2061 1050 2143 quodlibet
1077 2062 1164 2124 illius
1195 2061 1350 2143 temporis

188 2161 282 2242 spatii
300 2163 453 2242 punctum
470 2183 520 2224 res
536 2161 667 2224 incidat.
711 2161 805 2225 Locis
828 2165 934 2224 autem
957 2162 1122 2224 nonnullis
1146 2162 1266 2243 aliquid
1290 2162 1351 2224 ori-

187 2264 240 2323 tur
269 2260 469 2325 difficultatis
498 2265 682 2345 propterea,
712 2263 797 2345 quod
821 2285 857 2326 ex
880 2263 1012 2329 ablativi
1034 2266 1166 2342 natura,
1194 2282 1350 2341 quosnam

186 2361 267 2424 illud
292 2362 423 2426 biduum
446 2363 525 2427 duos
548 2364 710 2444 significet
732 2364 809 2442 dies
832 2385 900 2427 non
922 2366 1062 2446 apparet,
1086 2362 1141 2426 sed
1165 2384 1203 2423 ex
1225 2364 1351 2423 senten-

188 2462 306 2524 tiarum
329 2463 430 2526 idest
452 2465 644 2527 eliciendum
666 2486 798 2543 conexu,
829 2465 917 2527 velut
939 2465 1004 2526 bell
1023 2463 1105 2527 Gall.
1129 2462 1203 2542 Vll,
1234 2463 1282 2542 11,
1313 2461 1349 2523 4:

189 2559 386 2626 Cenabum
416 2562 634 2628 Carnutum
667 2563 911 2646 profiscitur
937 2601 985 2618 ,-
1014 2564 1088 2626 huc
1116 2562 1237 2625 biduo
1267 2582 1351 2644 per-

187 2663 307 2725 venit.
351 2663 477 2728 Hocine
504 2665 627 2739 biduo
658 2665 785 2745 putabis
816 2664 894 2728 duos
924 2663 992 2727 dies
1014 2663 1197 2752 significare
1220 2684 1352 2744 sequen-

188 2766 247 2842 tes,
271 2766 308 2827 ut
333 2765 521 2828 vertendum
545 2765 640 2827 sitin
664 2765 726 2828 den
748 2765 959 2847 2folgenden
977 2764 1098 2847 Tagen,
1122 2785 1164 2827 an
1187 2785 1297 2827 censes
1320 2766 1353 2826 et

189 2864 273 2926 diem
288 2885 351 2946 quo
367 2866 579 2947 proficiscitur
601 2870 633 2930 et
650 2888 712 2949 quo
728 2858 853 2949 vesperi
875 2866 1022 2948 pervenit
1045 2865 1130 2928 diem
1151 2866 1239 2928 illius
1262 2865 1352 2927 bidui

188 2964 293 3046 spatio
322 2968 503 3031 contineri?
536 2967 700 3031 Posterius
729 2988 800 3029 mea
828 2965 958 3048 quidem
984 2967 1145 3029 sententia
1173 2966 1352 3048 praeferen-

189 3064 274 3128 dum.
318 3065 464 3150 Itemque
487 3068 598 3132 eodem
620 3069 723 3150 capite
739 3066 825 3148 (VII,
852 3067 899 3148 11,
925 3068 966 3144 1.)
989 3067 1087 3129 verba
1108 3066 1201 3129 haec:
1225 3067 1352 3129 altero

191 3164 253 3228 die
280 3188 364 3230 oum
392 3168 437 3231 ad
470 3168 656 3251 oppidum
679 3166 878 3231 Senonum
907 3166 1262 3231 Vellaunodunum
1293 3189 1352 3230 ve-

189 3269 337 3348 nisset,
363 3304 403 3315 -
425 3263 658 3352 oppugnare
680 3260 871 3332 instituit
891 3269 1012 3350 idque
1035 3268 1155 3332 biduo
1187 3270 1353 3331 circum-

190 3369 377 3452 vallavit,
400 3370 446 3433 ita
461 3372 555 3434 nobis
571 3374 647 3434 sunt
661 3369 913 3452 interpretanda,
936 3372 973 3432 ut
992 3369 1124 3433 biduum
1148 3373 1180 3432 et
1202 3391 1238 3431 ex
1252 3390 1288 3432 eo
1302 3369 1354 3432 die

191 3489 253 3550 quo
282 3469 434 3552 oppidum
463 3472 645 3554 oppugnari
673 3474 821 3553 coeptum
850 3473 899 3533 est
928 3473 960 3532 et
989 3492 1026 3533 ex
1049 3471 1100 3532 die
1123 3473 1249 3533 constet
1271 3472 1354 3533 inse-

191 3571 313 3651 quenti.
368 3570 432 3634 Vix
463 3576 570 3636 autem
598 3573 772 3642 haesitabis
801 3572 836 3634 in
864 3571 1061 3654 explicandis
1091 3571 1169 3634 locis
1201 3571 1273 3634 his:
1312 3571 1352 3633 ad

193 3671 261 3734 Att.
283 3669 324 3733 II.
351 3673 377 3734 l.
402 3671 430 3736 9.
476 3672 670 3737 Lucceius
693 3671 789 3755 quid
812 3675 905 3755 agat
927 3672 1098 3734 scribam
1122 3671 1168 3734 ad
1188 3675 1242 3752 te,
1272 3692 1353 3734 cum

193 3766 399 3834 Caesarem
421 3773 574 3856 videro,
598 3775 666 3856 qui
689 3772 818 3838 aderit
840 3773 958 3836 biduo
982 3772 1031 3854 (in
1052 3771 1117 3850 den
1138 3771 1353 3853 2folgenden

194 3868 334 3954 Tagen),
356 3871 605 3958 Liv..XXXlX,
636 3876 676 3949 10
705 3879 744 3939 et
767 3875 846 3957 jam
878 3875 1044 3952 biennio
1075 3876 1260 3937 constare
1289 3894 1354 3935 ne-

279 4109 293 4141 *
312 4107 359 4165 cfr.
380 4107 494 4162 Emend.
513 4109 617 4163 alterae
635 4126 684 4163 scr.
703 4111 734 4163 A.
754 4108 780 4162 S.
801 4107 968 4175 Wesenberg
986 4108 1059 4177 Lips.
1081 4115 1153 4163 1873.
1171 4125 1198 4175 p.
1217 4113 1257 4162 97.

264 4192 293 4227 **
312 4192 360 4246 cfr.
378 4191 451 4251 Phil.
472 4192 536 4246 XIX
554 4210 580 4261 p,
600 4200 649 4248 254
668 4209 744 4260 seqq.
762 4193 810 4246 sed
828 4192 876 4252 cfr.
895 4191 989 4245 Bootii
1008 4193 1100 4246 adnot.
1120 4211 1145 4260 p.
1167 4199 1223 4250 159.
