3030 4754
653 323 863 399 ..26-

176 496 301 574 serunt,
335 493 456 576 aliquid
489 494 750 577 interpolationis
784 495 993 576 suspicantes.
1044 492 1079 558 Si
1107 498 1215 558 antem
1247 496 1282 557 in
1305 517 1342 558 ea

176 606 256 678 quae
279 595 480 683 paragrapho
496 594 606 658 XVIII
628 596 801 658 antecessit
822 598 914 677 parte
937 595 976 658 de
998 597 1123 659 vilitate
1139 597 1268 659 uberius
1292 601 1341 659 est

176 700 298 778 actum,
323 719 394 759 cum
417 697 532 759 mirum
555 699 711 778 quantum
734 696 813 758 illud
833 696 967 760 haberet
981 697 1166 760 offensionis
1182 698 1247 759 tale
1262 696 1339 779 quid

177 795 364 860 Ciceronem
399 797 517 860 dixisse
550 795 635 860 Non.
658 795 756 879 Sept,
790 796 883 860 111111
914 799 985 880 quis
1020 819 1089 860 eam
1116 801 1239 880 partem
1268 798 1338 860 fieri

175 900 283 980 potuit
305 902 342 962 ut
364 899 494 963 deleret.
538 897 601 962 Sed
625 919 661 960 ea
683 898 722 960 de
744 919 778 962 re
800 902 837 961 ut
859 921 1021 981 perorem,
1045 903 1183 981 quantae
1206 898 1340 960 difficul-

175 1003 260 1062 tates
283 1000 426 1063 obiectae
449 1020 545 1081 quam
568 997 662 1062 facile
677 1002 787 1063 nostra
802 999 841 1063 de
860 1000 926 1066 illis
942 1002 1143 1064 orationibus
1158 1000 1342 1063 coniectura

176 1104 419 1182 removeantur,
442 1102 519 1164 satis
543 1100 622 1162 mihi
645 1099 882 1164 demonstrasse
903 1101 1024 1164 videor.

260 1252 438 1314 Attulimus
461 1254 653 1333 argumenta
675 1271 712 1313 ex
733 1251 798 1314 illis
822 1251 1023 1314 orationibus
1045 1252 1123 1335 ipsis
1139 1253 1241 1333 petita
1255 1271 1341 1313 nunc

176 1353 252 1434 quid
285 1353 356 1416 elici
384 1354 451 1414 veri
480 1353 584 1435 possit
611 1351 775 1416 videamus
804 1373 841 1414 ex
870 1349 1033 1416 Ciceronis
1062 1353 1249 1415 testimonio
1279 1351 1340 1414 hoe

175 1456 246 1536 (pro
269 1453 377 1517 Plane.
393 1453 499 1532 XXX,
523 1453 585 1534 74).
627 1452 741 1517 Nihil
764 1455 892 1516 autern
919 1474 976 1516 me
1004 1453 1097 1529 novi
1119 1452 1225 1515 nibil
1247 1455 1341 1514 tem·

175 1556 284 1637 poris
308 1576 425 1618 eausa
448 1554 580 1617 dicere
602 1575 735 1617 nonne
759 1557 877 1617 etiam
900 1553 1188 1617 estillatestis
1205 1553 1338 1615 oratio

175 1677 273 1737 quae
297 1659 355 1719 est
380 1678 398 1718 a
420 1677 475 1718 me
497 1658 624 1738 prima
659 1655 796 1718 habita
829 1657 869 1716 in
903 1658 1054 1718 senatu.
1096 1655 1137 1717 in
1165 1676 1236 1736 qua
1258 1675 1340 1716 eum

174 1758 386 1839 perpaucis
408 1757 647 1820 nominatim
670 1757 846 1838 egissem
869 1757 1042 1838 gratiaS,
1071 1756 1175 1837 quod
1205 1776 1339 1818 omnes

130 1888 137 1894 ·
176 1859 398 1920 enumerari
425 1858 539 1921 nullo
571 1858 684 1921 modo
713 1861 896 1940 possent,
927 1858 1057 1921 scelus
1077 1861 1207 1920 autem
1231 1858 1341 1920 esset

175 1979 407 2041 quemquam
459 1960 681 2041 praeteriri
718 1959 1049 2040 'statuissemque
1101 1980 1166 2021 eos
1214 1957 1339 2020 solum

174 2062 382 2123 nominare
411 2062 480 2141 qui
509 2081 653 2142 causae
681 2064 847 2122 nostrae
870 2058 991 2122 duces
1014 2063 1053 2122 11
1075 2060 1187 2141 qnasi
1210 2058 1339 2140 signi-

175 2160 257 2223 1111
280 2161 475 2241 fuissent,
498 2161 539 2223 in
561 2161 621 2224 his
645 2159 810 2224 Plancio
833 2162 986 2244 gratias
1009 2162 1082 2243 egi.
1128 2160 1339 2223 Recitatur

175 2263 306 2325 oratio
325 2282 421 2342 quae
439 2262 676 2344 propterrei
694 2261 1018 2345 magnitudinem
1037 2261 1200 2349 dictade
1215 2260 1339 2341 scrip-

174 2366 214 2425 to
238 2367 308 2426 est.
343 2359 476 2426 Litte'ris
492 2364 593 2446 igitur
608 2362 792 2426 mandatam
807 2363 896 2426 illam
912 2363 1012 2427 fuisse
1028 2360 1177 2444 apparet,
1199 2360 1337 2424 fortasse

176 2465 273 2526 etiam
295 2464 397 2526 altera
418 2463 458 2526 ad
482 2463 623 2539 Quirites
647 2465 766 2546 scripta
788 2468 864 2528 erat.
894 2486 957 2546 quo
980 2467 1086 2527 autem
1109 2461 1339 2544 1111111111-

174 2586 244 2628 mae
260 2566 288 2628 ei
301 2565 393 2627 licuit
407 2587 502 2627 unam
520 2569 576 2628 ant
593 2565 670 2628 duas
686 2586 876 2647 componere
892 2565 1078 2628 orationes?
1102 2563 1209 2627 Pridie
1223 2562 1338 2627 Nonas

176 2669 208 2728 et
230 2665 263 2728 id
286 2666 372 2747 quod
395 2667 549 2748 suspicari
572 2667 649 2730 licet
670 2668 729 2730 sub
752 2687 921 2749 vesperum
943 2669 1029 2729 certe
1050 2687 1118 2728 non
1140 2668 1216 2729 ante
1245 2665 1337 2727 meri-

175 2767 260 2829 diem
272 2767 407 2830 Romam
420 2769 523 2850 venit3
539 2771 601 2832 iter
616 2791 635 2830 a
649 2771 752 2851 porta,
771 2770 805 2830 in
818 2765 1014 2850 Capitolium
1029 2788 1188 2848 1111111111,
1206 2766 1336 2829 domum

174 2867 307 2933 reditus.
344 2868 451 2931 Amici
466 2873 637 2933 accurrunt
658 2871 831 2951 laetantes,
861 2869 1252 2957 salutatiooptimatiurn,
1276 2867 1336 2928 ela-

175 2991 245 3033 mor
269 2974 300 3033 et
323 2971 476 3052 gaudium
499 2972 680 3049 clientium,
704 2971 880 3053 gratulatio
903 2971 1047 3033 omnium
1063 2969 1239 3032 hominum.
1275 2990 1337 3051 qua

175 3070 304 3152 quidem
337 3073 371 3135 in
404 3073 529 3135 laetitia
561 3093 686 3135 summa
708 3074 779 3153 quis
803 3093 876 3134 eum
897 3071 1074 3134 litterulam
1106 3069 1224 3133 nedum
1259 3068 1338 3131 duas

174 3173 336 3236 orationes
353 3174 492 3236 scribere
507 3173 651 3255 potuisse
675 3173 871 3236 contendet?
895 3171 929 3235 Si
946 3174 1053 3235 autem
1076 3171 1196 3234 Itomae
1220 3173 1247 3234 ei
1270 3193 1338 3232 non
1380 3230 1385 3236 .

174 3273 266 3336 licuit
285 3270 435 3355 Scribere,
460 3275 588 3356 scripsit
603 3276 638 3337 in
660 3275 791 3338 itinere!
816 3273 880 3338 Vix
903 3274 986 3336 enim
1002 3272 1201 3353 crediderim,
1225 3271 1337 3333 eodem

175 3374 226 3437 die
249 3396 311 3456 quo
335 3376 456 3456 gratias
480 3377 548 3458 egit
571 3379 603 3438 et
625 3397 718 3438 mane
741 3375 871 3457 quidem
894 3375 1015 3456 gratias
1039 3373 1123 3456 egIt,
1153 3394 1225 3436 eum
1248 3372 1337 3434 illam

174 3474 214 3538 ad
237 3479 385 3538 senatum
407 3477 586 3540 orationem
609 3478 700 3559 quasi
721 3472 989 3539 conscrihillasse.

260 3628 348 3691 Haec
369 3628 483 3711 habui,
513 3649 594 3710 quae
616 3630 808 3712 argumento
832 3649 901 3691 esse
922 3629 1084 3710 putarem,
1114 3647 1168 3690 111
1190 3647 1271 3707 quae
1293 3623 1335 3688 ad

175 3751 234 3792 nos
263 3733 479 3812 pervenerunt
509 3731 671 3793 orationes
699 3732 734 3792 in
761 3729 877 3792 itinere
907 3749 976 3792 esse
1009 3726 1181 3791 confectas,
1225 3726 1336 3790 Liceat

173 3831 253 3893 mihi
276 3830 337 3894 hoc
358 3832 428 3894 loco
451 3831 628 3913 adiungere
642 3830 675 3893 id
692 3829 776 3912 quod
792 3829 832 3892 ad
853 3850 921 3892 rem
936 3828 1072 3893 fortasse
1087 3828 1180 3892 lacit:
1203 3828 1336 3892 Litteris

173 3932 342 3995 mandatae
365 3936 442 3995 sunt
463 3933 538 3995 illae
561 3933 739 4013 1111111111,
775 3932 879 3994 editae
901 3930 936 3993 in
958 3930 1062 3993 lucem
1083 3953 1150 3994 non
1173 3930 1334 3996 videntur.

174 4033 220 4098 Ut
236 4034 320 4096 enim
337 4055 394 4115 per
409 4056 478 4122 sese
493 4033 666 4098 verisimile
687 4054 754 4095 non
775 4034 824 4095 est
839 4033 972 4095 alteram
999 4032 1039 4094 ad
1063 4031 1220 4113 Quirites,
1255 4051 1336 4111 quae

172 4157 337 4216 nunquam
366 4134 477 4199 habita
506 4139 569 4216 est,
604 4134 710 4197 emitti
736 4134 896 4216 potuisse,
925 4135 971 4196 ita
994 4135 1090 4196 etiam
1111 4130 1333 4196 ratiocinando

173 4235 206 4297 id
229 4237 321 4299 licuit
343 4237 478 4318 assequi.
523 4236 661 4300 Etenim
677 4232 788 4299 Cicero
811 4236 845 4298 in
868 4234 1006 4299 secunda
1029 4256 1123 4316 quam
1151 4236 1225 4316 post
1253 4232 1335 4296 rediss
