3030 4754
695 307 904 373 ‚28-

217 500 328 543 01111100
350 477 523 558 adessent).
566 478 641 540 Alia
663 477 820 540 eiusmodi
843 479 871 542 si
893 481 929 540 tu
951 479 1167 560 reputaveris,
1191 479 1257 541 11110
1280 480 1376 544 rebus

216 581 366 643 omnibus
381 578 492 643 Nonas
509 577 596 662 Sept.
620 578 797 659 significari
819 579 927 643 nullus
949 580 1096 660 negabis.
1141 577 1204 643 Sed
1228 602 1265 644 ea
1280 583 1378 652 iuter-

215 681 354 763 pretatio
386 682 491 743 omnis
524 702 565 742 ne
585 683 718 761 propter
749 680 909 762 quandam
933 680 1157 744 difficultatem
1180 703 1260 763 quae
1283 681 1378 744 facile

216 784 323 844 animo
348 784 492 844 occurrat
514 781 679 861 reiciatur,
713 782 809 862 paulo
833 784 882 845 est
904 782 1079 845 accuratius
1102 804 1152 846 res
1175 784 1270 847 nobis
1300 787 1379 845 trac-

215 883 326 950 tanda.
375 885 642 945 commemoratur
677 882 763 944 enim
804 881 858 966 (dc
891 882 975 946 dom.
1009 882 1050 946 V.
1086 885 1153 965 11),
1171 888 1300 947 senatus
1337 883 1378 946 ad

216 984 373 1066 templum
394 980 592 1046 Concordiae
611 985 752 1062 vocatus,
774 1004 868 1065 quem
885 1006 947 1066 quo
964 984 1014 1047 die
1032 985 1179 1048 consules
1195 985 1377 1065 habuerint,

219 1083 378 1148 dissident
399 1085 592 1166 interpretes
614 1084 701 1147 illius
724 1085 786 1147 loci
809 1085 860 1147 vel
886 1086 1053 1149 nonnullis
1082 1086 1195 1149 diebus
1224 1089 1300 1150 ante
1328 1086 1378 1148 vel

217 1185 299 1269 prid.
329 1184 440 1248 Nonas
464 1205 535 1247 eum
558 1184 705 1248 habitum
727 1184 917 1264 iudicantes,
946 1207 1027 1268 quae
1049 1187 1160 1269 opinio
1183 1189 1269 1249 certo
1292 1186 1379 1249 refu·

215 1288 277 1349 tari
300 1289 492 1368 argumento
515 1286 797 1368 1101001110οιΕο
820 1291 973 1370 tempore,
997 1309 1060 1369 quo
1083 1290 1214 1351 sena-tus
1236 1290 1378 1369 uocatur,

214 1387 368 1470 lapidatio
396 1387 449 1467 fit,
481 1407 543 1468 qua
570 1388 605 1448 in
632 1387 830 1470 lapidatione
859 1409 877 1449 a
906 1385 1012 1450 Clodii
1039 1389 1145 1470 operis
1178 1388 1377 1453 frumentum

215 1488 457 1578 postulantibus
480 1484 592 1551 Cicero
615 1489 808 1552 nominatur.
841 1488 903 1563 Qui
926 1489 954 1550 si
976 1490 1162 1553 nominatur
1190 1491 1280 1572 sique
1309 1490 1376 1551 fru-

214 1594 360 1652 mentum
375 1589 414 1653 ab
439 1610 475 1651 00
498 1590 691 1672 postulatur,
714 1589 834 1653 Romae
857 1611 925 1654 esse
947 1590 1109 1672 putandus
1133 1595 1198 1674 est3
1222 1591 1375 1673 quoniam

215 1698 322 1753 autem
351 1689 463 1752 diebus
485 1693 561 1752 ante
587 1689 669 1771 prid.
702 1688 787 1753 Non.
822 1690 943 1754 Romae
964 1712 1031 1754 non
1054 1691 1131 1773 fuit,
1165 1712 1270 1772 neque
1300 1691 1378 1774 lapi-

216 1792 381 1854 dationem
420 1812 525 1873 neque
562 1794 709 1854 senatum
748 1791 813 1855 illis
857 1791 969 1855 diebus
1007 1791 1106 1855 1111000
1150 1792 1377 1856 concludamus

215 1913 345 1955 necesse
368 1894 426 1955 est.
471 1893 516 1954 At
536 1891 618 1975 prid.
636 1891 720 1957 Non.
744 1895 874 1956 senatus
896 1892 1034 1956 fortasse
1056 1883 1185 1956 habitus
1209 1897 1267 1956 est.
1313 1891 1377 1956 Sed

217 2016 258 2056 ne
280 1993 313 2056 id
336 1993 466 2076 quidem
488 1994 574 2055 credi
596 1996 720 2076 potest,
754 1995 830 2076 quia
852 1996 1016 2057 senatores
1043 1995 1199 2080 plurimos
1229 2017 1268 2057 ex
1295 1994 1375 2057 urbe

216 2115 363 2176 egressos
398 2093 466 2174 (cfr.
493 2094 528 2155 in
561 2093 624 2158 Pis.
652 2092 724 2172 XII,
752 2095 807 2171 52)
838 2095 992 2176 illumque
1025 2094 1155 2158 domum
1186 2096 1377 2158 comitantes

215 2194 389 2257 verisimile
410 2216 478 2257 non
500 2198 550 2257 est
571 2195 605 2257 in
628 2203 776 2258 senatum
795 2216 867 2258 esse
889 2198 1029 2259 vocatos.
1057 2195 1148 2277 Ergo
1173 2199 1313 2274 senatus,
1336 2195 1377 2258 ad

216 2294 414 2359 Concordiae
437 2299 583 2374 vocatus,
618 2295 722 2360 Nonis
746 2295 834 2379 Sept.
859 2297 988 2360 babitus
1011 2318 1081 2360 esse
1108 2296 1236 2360 ridetur
1264 2297 1377 2379 bisque

214 2397 271 2486 1110
301 2398 352 2460 die
381 2419 452 2460 cum
481 2403 596 2459 senatu
625 2402 763 2478 egerunt
796 2399 958 2477 consules,
992 2399 1081 2480 prius
1113 2399 1148 2460 in
1179 2396 1377 2461 Concordiae

214 2499 345 2581 templo,
359 2498 474 2561 deinde
485 2499 520 2561 in
529 2496 699 2580 Capitolio.
712 2498 826 2561 Putaui
838 2503 945 2561 autem
957 2520 1059 2580 nuper
1077 2521 1149 2561 eum
1161 2502 1309 2563 senatum
1321 2500 1376 2582 qui

215 2601 250 2661 in
267 2597 428 2682 Capitolio
445 2605 513 2662 erat
529 2599 665 2661 eundern
682 2598 781 2662 fuisse
803 2605 899 2681 atque
921 2599 1013 2662 illum
1036 2601 1090 2681 qui
1113 2599 1153 2662 ad
1176 2598 1377 2664 Concordiae

214 2707 344 2787 vocatus
368 2704 426 2764 cst.
471 2700 554 2763 Illud
578 2701 664 2762 enim
686 2701 843 2782 templum
865 2702 912 2764 ita
934 2704 982 2763 est
1004 2702 1089 2764 inter
1119 2699 1315 2784 Capitolium
1344 2704 1377 2764 et

214 2823 319 2864 arcem
358 2803 455 2864 situm
497 2803 530 2864 et
568 2801 614 2864 ita
650 2804 778 2882 magnis
818 2801 1115 2864 substructionibus
1148 2807 1377 2883 exaggeratum

216 2906 314 2984 atque
341 2903 375 2965 in
405 2904 610 2966 altitudinem
640 2907 781 2966 erectum
814 2903 883 2981 (ct'r.
909 2903 1021 2964 Aemil.
1046 2901 1155 2965 Braun
1178 2902 1269 2965 Ram.
1294 2902 1376 2964 Bau-

215 3004 343 3072 denkm.
372 3003 489 3069 Philol.
512 3003 543 3066 II
571 3004 689 3085 suppl.)
719 3002 811 3066 facile
839 3007 877 3065 ut
904 3003 975 3084 quis
1005 3004 1031 3066 si
1054 3003 1122 3066 illic
1144 3007 1273 3067 senatus
1297 3006 1376 3082 0101,
1420 3022 1427 3036 ·

215 3106 319 3168 dicere
348 3107 452 3188 possit
479 3127 551 3169 eum
578 3104 677 3166 fuisse
710 3105 745 3166 in
773 3102 943 3187 Capitolio,
988 3103 1121 3167 Accedit
1148 3104 1234 3186 quod
1266 3104 1377 3168 Latini

215 3209 386 3289 scriptores
414 3229 482 3269 non
509 3208 594 3288 parti
622 3206 725 3269 solum
753 3207 872 3269 montis
903 3205 1056 3288 Capitolii
1084 3227 1203 3269 nomen
1231 3205 1287 3268 sed
1315 3207 1377 3268 toti

215 3309 318 3371 monti
340 3308 561 3389 imponebant,
583 3307 638 3368 sed
661 3329 738 3370 num
762 3307 872 3370 Cicero
895 3307 929 3369 id
956 3307 1085 3384 fecerit,
1115 3306 1263 3369 dubitare
1290 3306 1375 3383 licet,

215 3431 286 3472 cum
300 3429 404 3490 neque
427 3412 548 3471 certum
570 3408 675 3470 locum
698 3406 783 3489 apud
807 3429 879 3470 eum
901 3429 1004 3490 neque
1027 3409 1195 3490 quicquam
1219 3430 1255 3471 ea
1278 3407 1316 3470 de
1342 3429 1377 3470 re

214 3512 311 3574 ineis
334 3511 424 3583 libris
441 3511 495 3591 qui
521 3531 624 3592 nuper
647 3509 725 3571 editi
748 3513 824 3572 sunt
847 3531 865 3572 a
886 3508 1024 3574 Iordane
1048 3511 1080 3570 et
1095 3508 1166 3572 aliis
1188 3510 1376 3573 invenerim.

216 3612 428 3687 Quamobrem
464 3611 512 3674 bis
545 3611 601 3673 illo
640 3609 691 3673 die
728 3612 858 3674 senatus
895 3631 964 3674 esse
1001 3611 1130 3673 vocatus
1167 3611 1377 3673 existumetur

214 3734 345 3776 necesse
377 3716 442 3794 est3
474 3711 507 3774 id
541 3711 626 3794 quod
655 3733 722 3775 non
748 3710 844 3775 modo
872 3711 955 3774 nihil
983 3710 1170 3774 offensionis
1199 3710 1271 3789 sed,
1305 3732 1376 3774 cum

216 3816 324 3878 omnia
360 3812 531 3896 quadrent,
570 3813 668 3875 etiam
703 3812 825 3894 aliquid
861 3811 960 3875 habet
996 3811 1299 3876 commendationis:
1336 3811 1376 3874 In

216 3915 335 3998 templo
353 3912 550 3978 Concordiae
567 3911 677 3977 Cicero
701 3915 828 3977 senatui
851 3913 973 3994 gratias
997 3913 1074 3995 egit,
1097 3913 1263 3976 nonnullis
1285 3911 1375 3975 horis

214 4020 289 4100 post
310 4019 343 4080 in
361 4014 521 4098 Capitolio
545 4015 584 4078 de
607 4038 640 4079 re
663 4014 874 4078 frumentaria
897 4017 1041 4078 accurate
1064 4016 1259 4077 sententiam
1283 4012 1374 4076 dixit.

215 4119 297 4193 Quid
332 4119 416 4200 quod
440 4115 572 4181 Clodius
605 4118 673 4200 ipse
707 4116 762 4198 qui
793 4116 828 4177 in
863 4136 935 4178 eum
968 4115 1132 4178 invehitur
1164 4116 1270 4178 verbis
1308 4114 1374 4177 his:

214 4220 267 4303 (ll,
290 4223 324 4304 5)
341 4221 391 4283 At
412 4221 514 4283 enim
536 4220 575 4283 in
600 4220 778 4282 senatum
800 4218 934 4280 venire
958 4217 997 4278 in
1020 4215 1270 4298 Capitolium
1292 4218 1374 4279 tur·
