3030 4754
668 322 876 386 ,24-

184 493 222 554 et
244 490 397 573 frugem
420 492 585 554 ubertas
608 491 731 571 afuit,
755 492 933 573 scripserit,
962 491 1052 553 nullo
1078 492 1173 559 morlo
1195 492 1353 555 vilitatem

183 612 263 674 quae
287 591 423 656 fortasse
446 593 541 671 (nihil
571 594 656 655 enim
682 594 762 655 certi
792 592 833 655 de
862 593 918 654 illa
947 595 993 673 re)
1021 597 1096 674 post
1123 593 1234 657 Nonas
1265 590 1352 674 Sept.

187 694 272 755 lacta
295 696 359 775 est,
383 695 576 776 respexisse,
600 693 653 756 sed
675 715 712 756 ea
733 694 831 755 verba
851 692 1021 756 referenda
1043 715 1113 757 esse
1135 696 1175 757 ad
1199 716 1269 757 earn
1284 694 1354 757 vili·

182 798 282 856 tatem
306 815 388 875 quae
404 817 513 857 mense
531 794 686 869 Quinetili
701 794 851 875 (Wolfius
869 795 928 856 sub
945 793 1029 858 Non.
1045 794 1145 878 Aug.)
1162 795 1354 877 necopinata

183 896 379 957 carissimam
401 917 564 958 annonam
594 897 765 958 consecuta
796 897 854 957 est.
900 894 1098 978 Comprobat
1130 897 1192 960 hoc
1214 896 1353 959 Wolfius

181 1019 287 1079 neque
323 1000 432 1059 tamen
469 997 575 1059 minus
612 994 867 1078 comprobanda,
905 1017 985 1078 quae
1024 997 1064 1059 ab
1103 999 1174 1080 ipso
1215 998 1251 1059 in
1290 1018 1353 1059 me-

182 1099 271 1160 dium
320 1097 542 1180 proferuntur:
594 1095 688 1171 Quis
744 1117 822 1161 non
880 1097 1017 1161 videat
1071 1100 1259 1162 miseram
1311 1118 1353 1159 ao

181 1199 399 1262 ridiculam
432 1197 613 1261 futuram
647 1198 772 1261 fuisse
805 1199 1035 1280 praesentis
1068 1199 1232 1282 inopiae
1266 1220 1353 1262 con-

182 1300 429 1362 solationem
481 1300 517 1360 si
570 1300 767 1362 laxiorem
822 1321 1015 1362 annonam
1065 1321 1162 1382 quae
1216 1321 1352 1363 mense

181 1401 313 1483 priore
347 1400 512 1481 fuisset,
545 1421 650 1463 nunc
682 1401 843 1463 senatui
882 1404 920 1463 et
951 1401 1098 1482 populo
1136 1402 1179 1463 in
1208 1422 1349 1464 memo·

181 1501 282 1564 riam
331 1505 570 1589 revocasset
613 1522 697 1564 cum
745 1523 834 1583 spes
882 1501 1094 1565 meliorum
1131 1505 1352 1584 temporum

183 1623 295 1684 quam
318 1602 415 1664 boni
440 1601 596 1682 quidam
618 1601 694 1664 viri
717 1602 758 1664 in
781 1603 864 1684 ejus
887 1601 1019 1664 reditu
1042 1603 1162 1665 sitam
1185 1602 1349 1666 dictita-

181 1706 289 1786 rant,
313 1704 350 1764 in
376 1703 467 1785 ipso
490 1702 696 1765 adventus
719 1704 900 1784 tempore
923 1702 969 1764 ad
992 1705 1156 1766 irritum
1185 1702 1354 1766 cecidis-

183 1808 253 1870 set.
304 1803 404 1878 Quid
448 1804 550 1885 quod
584 1825 662 1866 non
694 1804 922 1867 verisimile
955 1802 1022 1867 sed
1053 1804 1174 1886 plane
1216 1825 1353 1874 neces-

182 1905 327 1968 sarium
362 1909 426 1968 est
479 1908 679 1968 oratorem
713 1905 778 1987 qui
812 1905 921 1968 nihil
955 1905 1124 1968 molitur
1153 1906 1294 1987 inepte
1318 1906 1352 1968 si
1427 1984 1432 1991 Ι

182 2006 361 2089 priorem
394 2006 505 2068 illam
540 2006 746 2068 vilitatem
780 2028 876 2069 suae
917 2006 1103 2069 fortunae
1142 2006 1352 2089 assignare

182 2107 405 2188 voluisset,
428 2128 534 2169 nunc
556 2127 643 2169 cum
668 2108 1031 2187 i'amestimeretur,
1056 2106 1352 2189 eaderelongc

184 2208 305 2270 aliter
328 2207 613 2290 dicturum,ffet
642 2210 869 2270 commotam
901 2207 1204 2270 multitudinem
1228 2208 1352 2269 simili

184 2308 352 2391 quadam
387 2309 547 2371 ratione
579 2313 701 2390 atque
728 2309 796 2371 illi
825 2308 919 2371 boni
947 2310 1024 2372 viri
1049 2308 1352 2388 consolaturum
1421 2335 1423 2339 ·

184 2410 323 2472 fnisse.
372 2409 418 2472 Et
445 2431 576 2492 prorsus
605 2431 676 2472 eum
704 2409 825 2472 Wolfio
854 2408 893 2471 de
922 2431 959 2473 ea
986 2431 1020 2472 re
1049 2409 1224 2473 consentio.
1268 2407 1352 2472 Nam

184 2532 250 2573 non
266 2510 438 2573 absurdum
456 2512 559 2573 solum
576 2510 704 2592 fuisset,
721 2509 776 2572 sed
793 2511 929 2572 maxime
946 2511 1043 2572 etiam
1055 2510 1236 2591 ridiculum,
1254 2511 1281 2573 si
1292 2511 1350 2572 illo
1388 2545 1394 2551 ·
1483 2512 1492 2519 ’

183 2611 254 2694 ipso
278 2610 345 2692 die,
375 2632 436 2693 quo
466 2632 612 2674 annonae
635 2632 759 2673 summa
785 2612 853 2672 erat
875 2611 1006 2688 caritas,
1034 2608 1145 2673 Cicero
1162 2610 1296 2672 dixisset
1319 2614 1352 2671 et

186 2712 262 2775 deos
285 2711 365 2774 illud
389 2712 428 2774 de
451 2712 557 2774 reditu
579 2734 636 2775 suo
661 2712 824 2774 decretum
845 2710 976 2793 frugum
998 2712 1260 2793 ubertate-copia
1282 2711 1352 2772 rili-

185 2816 253 2876 tate
276 2814 501 2895 comprobasse
524 2816 556 2876 et
578 2833 683 2877 seeum
711 2813 892 2875 ubertatem
915 2812 1045 2894 frugum
1068 2812 1212 2875 rediisse.
1259 2811 1351 2885 Quod

185 2915 212 2977 si
230 2915 379 2996 dixisset,
403 2914 535 2978 dubium
560 2936 626 2977 non
642 2917 706 2995 est,
730 2914 808 2995 quin
823 2934 889 2975 non
904 2913 1019 2994 plausu
1034 2913 1124 2976 illum
1142 2914 1176 2976 in
1188 2913 1349 2988 contione,

186 3037 281 3098 quam
313 3015 352 3078 de
374 3037 521 3079 annonae
551 3036 627 3078 cura
655 3013 809 3095 Pompeio
840 3012 1023 3076 mandanda
1050 3013 1180 3092 habuit,
1205 3011 1267 3076 sed‘
1283 3014 1350 3075 risu

185 3116 335 3180 infaustis
366 3117 528 3180 ominibus
560 3115 758 3197 lapidatione
792 3115 955 3196 excepturi
983 3115 1111 3179 fuerint.
1161 3114 1222 3178 His
1251 3116 1353 3196 igitur

184 3219 360 3300 perspectis
395 3217 640 3280 difficultatibus
677 3215 954 3298 impudentissime
991 3215 1155 3279 falsarium
1193 3216 1353 3298 quendam

186 3321 279 3381 erant
301 3320 354 3399 qui
378 3318 573 3381 hariolatum
596 3338 664 3380 esse
686 3319 848 3399 putarent.

272 3417 335 3482 Sed
358 3420 465 3482 nullae
488 3441 554 3482 non
576 3419 827 3481 removebuntur
852 3418 909 3480 illa
930 3417 970 3481 de
990 3440 1024 3481 re
1040 3419 1249 3499 offensiones,
1274 3418 1300 3480 si
1317 3419 1352 3478 in

185 3522 302 3584 itinere
331 3521 493 3584 orationes
521 3521 656 3602 scriptas
684 3520 839 3584 censebis.
893 3519 976 3582 Nam
1010 3541 1080 3582 cum
1105 3517 1215 3584 Cicero
1239 3518 1351 3593 Quinti

186 3623 295 3685 fratris
318 3623 539 3686 litterisante
568 3622 651 3684 diem
675 3620 721 3684 VI
743 3620 789 3684 Id.
807 3619 895 3683 Sext.
915 3621 966 3701 (ad
989 3622 1057 3683 Aa.
1075 3619 1136 3703 IV,
1159 3619 1190 3702 I,
1220 3621 1252 3699 5)
1281 3621 1351 3682 sine

142 3780 168 3794 ,,
188 3723 286 3786 dubio
320 3723 410 3786 illam
443 3744 523 3805 quae
556 3726 630 3806 post
658 3722 797 3784 reditum
827 3725 981 3784 asenatu
1011 3721 1173 3784 decretum
1196 3720 1281 3784 facta
1303 3724 1353 3782 est

186 3846 333 3888 annonae
356 3825 513 3886 vilitatem
536 3824 756 3906 cognovisset,
780 3823 851 3885 fieri
873 3823 1005 3886 omnino
1027 3844 1094 3885 non
1117 3823 1240 3905 potuit,
1271 3822 1350 3902 quin

185 3926 274 3989 illam
297 3948 379 4007 rem,
403 3947 466 4006 qua
488 3925 564 3988 deos
586 3926 674 4008 ipsos
695 3923 835 3987 reditum
858 3924 1082 4006 comprobasse
1105 3922 1193 4003 dicit,
1216 3918 1371 3998 comme?

187 4031 337 4090 moraret.
383 4025 445 4089 Sed
469 4027 662 4108 simulatque
677 4025 811 4089 Romam
827 4026 929 4106 venit,
954 4046 991 4087 ea
1009 4046 1089 4107 quae
1108 4024 1147 4087 de
1162 4046 1196 4086 re
1212 4024 1351 4086 frumen-

186 4130 270 4191 taria
284 4131 470 4211 scripserat,
493 4148 624 4210 prorsus
640 4149 704 4190 non
730 4125 931 4209 quadrabant
946 4127 980 4188 in
1003 4127 1076 4188 illos
1093 4124 1160 4188 dies
1183 4124 1350 4203 adventus,

187 4229 303 4311 quibus
325 4229 437 4292 urbem
460 4229 615 4292 frumenti
637 4229 746 4311 inopia
768 4228 968 4311 gravissumo
988 4248 1131 4309 pressam
1155 4226 1255 4289 fuisse
1278 4247 1350 4289 con·
