3030 4754
238 1117 368 1214 Codice
384 1150 441 1212 illo
458 1148 605 1212 Parisino
624 1170 727 1231 nuper
749 1171 768 1212 a
788 1151 865 1213 viris
889 1149 1001 1228 doctis,
1025 1149 1079 1232 qui
1101 1150 1276 1232 insigniter
1299 1151 1338 1214 de

177 1248 341 1314 Ciceronis
364 1251 565 1314 orationibus
587 1249 796 1313 restituendis
825 1250 934 1314 meriti
964 1252 1056 1333 sunt,
1091 1250 1340 1333 diligentissime

177 1371 308 1414 excusso
331 1353 502 1433 postquam
526 1349 675 1433 Wolfius,
705 1350 859 1433 Madvigii
887 1351 994 1414 verbis
1016 1354 1053 1414 ut
1072 1353 1154 1432 utar,
1178 1350 1340 1416 Gruteria·

175 1473 234 1514 nas
267 1451 377 1514 sordes
412 1453 574 1533 exagitare
609 1452 723 1515 maluit
756 1454 921 1533 tamquam
950 1451 1172 1515 declamatoris
1200 1454 1339 1536 ineptias

176 1573 272 1634 quam
300 1550 472 1634 adhibitis,
502 1573 582 1634 quae
609 1556 721 1636 parata
743 1555 845 1635 erant,
868 1553 1002 1634 aliisque
1028 1553 1166 1636 provisis
1195 1553 1339 1618 codicum

175 1651 328 1716 subsidiis
356 1653 390 1715 in
420 1653 588 1716 emendata
616 1654 775 1736 scriptura
797 1656 921 1717 certum
941 1666 1061 1736 ponere
1083 1653 1339 1736 fundamentum,

173 1755 313 1836 aliquam
335 1754 447 1816 multis
469 1753 541 1816 illas
565 1756 717 1836 quattuor
737 1757 812 1838 post
834 1754 973 1818 reditum
995 1775 1076 1835 quae
1098 1754 1249 1818 dicuntur
1271 1776 1339 1818 ora·

177 1855 283 1917 tiones
295 1853 425 1917 'mendis
442 1875 511 1918 esse
525 1856 734 1937 naevulisque
749 1859 960 1939 repurgatas„
973 1857 1021 1918 est
1043 1855 1128 1936 quod
1150 1855 1245 1918 nobis
1267 1875 1340 1936 gra·

175 1955 324 2018 tulemur.
370 1951 536 2018 Conticuit
565 1957 652 2018 emin
679 1956 903 2038 obmutuitque
933 1954 1014 2019 illud
1039 1977 1091 2019 eas
1113 1955 1164 2018 vel
1187 1957 1338 2038 carpendi

174 2056 330 2118 maledico
349 2055 445 2118 dente
467 2057 518 2118 vel
540 2054 728 2120 aCicerone
750 2057 955 2120 abiudioandi
977 2055 1119 2119 studium
1141 2057 1338 2122 acerrimum.

174 2155 295 2238 Neque.
315 2160 423 2219 tamen
452 2158 588 2239 poterit,
617 2159 672 2239 qui
700 2158 849 2237 alteram,
879 2179 942 2239 qua
967 2157 1087 2240 populo
1115 2157 1236 2238 gratias
1259 2159 1337 2239 egit,

174 2259 353 2321 orationem
366 2257 462 2340 paulo
479 2259 698 2340 percensuerit
713 2259 900 2340 accuratius,
914 2259 980 2321 ullo
996 2256 1092 2320 modo
1108 2259 1337 2340 gravissumae,

173 2358 289 2440 quibus
306 2359 491 2420 etiamnunc
507 2379 543 2420 ea
563 2347 698 2440 laborat,
721 2357 927 2422 difficultates
949 2357 999 2420 vel
1020 2357 1220 2421 dissimulare
1242 2359 1338 2422 silen·
1382 2392 1384 2398 ·

174 2460 221 2522 tio
249 2459 300 2521 vel
328 2460 524 2522 monstratas
553 2480 572 2522 a
594 2457 714 2522 Wolfio
737 2458 886 2540 infitiari,
915 2479 986 2521 cum
1008 2459 1202 2541 praesentim
1224 2481 1337 2542 parurn

173 2559 305 2622 luminis
328 2559 428 2623 codex
448 2559 624 2642 Parisinus,
652 2561 796 2642 quamvis
819 2560 923 2623 bonus
945 2559 979 2622 in
1003 2558 1209 2624 emendandis
1232 2561 1337 2624 tribus

172 2661 255 2744 aliis,
284 2660 379 2724 huius
403 2660 620 2723 oratiunculae
644 2660 789 2724 attulerit
811 2661 963 2724 tenebris.
1008 2660 1046 2723 In
1069 2683 1106 2725 ea
1127 2661 1229 2742 igitur
1250 2663 1336 2725 viros

173 2761 284 2825 doctos
311 2781 398 2823 nunc
426 2782 495 2824 esse
524 2761 687 2824 sententia
707 2765 849 2843 apparet,
878 2765 915 2824 ut
936 2763 1074 2844 primam
1095 2761 1185 2824 illam
1206 2761 1336 2844 quidem

172 2863 212 2926 ad
235 2866 391 2943 senatum,
414 2862 543 2925 tertiam
566 2860 606 2924 ad
628 2861 798 2945 pontifices
821 2860 988 2944 dedomo,
1011 2865 1157 2943 quartam
1173 2862 1212 2925 de
1227 2863 1336 2926 harus·

172 2965 280 3045 picum
302 2983 456 3044 responso
479 2961 622 3026 habitam
646 2964 824 3026 orationem
848 2962 926 3026 satie
949 2964 1148 3044 argumentis
1172 2984 1240 3026 essc
1261 2983 1336 3027 con-

89 3129 91 3134 *
175 3063 336 3125 firmatam
358 3065 523 3141 censeant,
557 3062 613 3126 sed
636 3063 769 3127 alteram
791 3063 831 3126 ad
854 3062 994 3138 Quirites
1017 3065 1073 3126 aut
1094 3084 1224 3146 prorsus
1248 3064 1335 3128 abiu·

173 3162 281 3225 dicent
303 3185 322 3226 a
343 3159 497 3226 Cicerone
519 3167 575 3226 aut
596 3166 716 3227 certam
739 3185 924 3246 expromere
945 3165 1140 3227 sententiam
1164 3168 1336 3227 vereantur

172 3267 229 3327 aut
250 3265 488 3327 cunctantiores
510 3265 732 3346 cautioresque
748 3261 911 3328 Ciceronis
935 3285 1004 3327 eam
1027 3285 1096 3327 esse
1112 3264 1335 3346 profiteantur.

172 3363 346 3447 Repetenti
374 3368 478 3428 autern
505 3364 586 3428 mihi
613 3365 703 3429 illam
729 3364 951 3447 quaestionem
980 3364 1176 3447 implicatam
1198 3386 1334 3447 semper,

172 3464 335 3528 interdum
356 3465 514 3537 minutam
542 3465 624 3528 illud
646 3487 831 3530 concessum
853 3466 894 3528 iri
916 3467 949 3528 et
975 3466 1040 3529 scio
1069 3467 1102 3528 et
1129 3486 1239 3547 spero,
1267 3487 1335 3529 non

171 3569 239 3629 tam
260 3586 363 3648 genus
385 3566 518 3630 omnino
540 3565 668 3629 dicendi
689 3566 725 3630 in
746 3552 961 3650 suspicionem
983 3567 1089 3630 vocari
1102 3565 1336 3647 verborumque

172 3668 297 3750 copiam
314 3666 409 3750 (quae
427 3687 497 3730 cum
511 3666 549 3730 ad
561 3668 694 3731 verbum
706 3688 807 3748 paene
819 3690 858 3732 ex
869 3668 1014 3731 oratione
1024 3667 1132 3749 priore
1147 3665 1335 3749 deprompta

172 3767 328 3846 videatur,
356 3771 422 3851 aut,
450 3770 487 3831 ut
507 3768 543 3830 in
565 3769 742 3850 gratiarum
764 3768 958 3846 actionibus,
988 3767 1095 3830 minus
1117 3767 1215 3831 habet
1237 3767 1335 3830 ofien-

172 3869 273 3932 sionis
289 3871 426 3933 autnon
441 3870 529 3932 certo
541 3871 650 3951 potest
666 3872 856 3951 argumento
871 3868 1006 3932 iudicari
1020 3867 1218 3961 subditioia),
1239 3888 1335 3950 quarn

173 3978 289 4051 rerum,
313 3991 429 4051 rerum,
453 3970 593 4052 inquam,
617 3991 698 4053 quae
713 3969 878 4034 Ciceronis
899 3969 1006 4033 reditu
1027 3969 1216 4052 agebantur,
1238 3968 1335 4031 ratio-

173 4089 247 4132 nem
278 4070 537 4152 investigandam
560 4071 770 4135 subtilissime
793 4074 826 4135 et
847 4071 1082 4134 accuratissime
1104 4067 1333 4152 explicandam.

175 4167 246 4233 Hoc
268 4172 354 4236 emin
375 4171 552 4255 inggenere
574 4171 719 4237 resident
737 4172 878 4256 scrupuli
900 4191 960 4236 nec
980 4172 1005 4236 ii
1026 4171 1225 4253 tenuissimi,
1254 4189 1335 4252 quos
1376 4170 1380 4175 '

1101 4272 1132 4324 1*
