3030 4754
653 343 863 407 ...11-

177 514 206 576 ei
234 513 418 594 constabat,
448 512 519 575 aliis
547 511 626 574 locis
654 532 771 575 novam
797 532 928 594 prorsus
957 510 1268 591 diversissimamqne
1294 510 1335 572 ab

173 615 230 677 illa
254 614 555 696 interpretationem
573 612 635 676 sibi
650 613 812 694 fingeret?
835 612 997 692 Quattuor
1012 611 1123 674 attulit
1137 611 1236 694 locos,
1259 631 1335 692 quo-

108 762 110 766 .
172 737 254 797 rum,
283 713 315 777 id
339 714 425 796 quod
448 714 526 777 satis
548 713 647 776 habet
669 713 865 791 offensionis,
895 734 962 776 non
983 713 1090 775 minus
1112 714 1176 775 tres
1200 733 1238 774 ex
1260 709 1336 774 an-

64 854 67 861 ·
173 817 253 879 saris
270 815 410 879 debello
426 815 512 877 civili
527 815 758 878 commentario
780 815 883 896 primo
907 813 1094 896 desumpsit.
1126 813 1175 876 Ac
1195 812 1336 895 primum

174 918 278 999 capite
300 915 412 980 XVIII
435 913 551 979 Caesar
581 915 710 998 scripsit
737 915 834 978 haec:
865 912 1011 978 Caesar
1032 914 1172 997 primis
1196 913 1336 977 diebus

173 1020 310 1081 castra
332 1017 486 1098 magnis
510 1016 702 1100 operibus
725 1016 880 1079 munire
903 1019 943 1080 et
965 1037 1008 1078 ex
1029 1015 1236 1079 finitumis
1259 1037 1338 1078 rnu-

172 1119 343 1201 nicipiis
365 1117 611 1181 frumentum
640 1121 895 1199 comportare
917 1117 1177 1199 reliquasque
1200 1116 1335 1198 copias

174 1215 409 1301 exspectare
441 1218 638 1281 instituit.
693 1217 748 1282 Eo
779 1217 915 1280 triduo
942 1218 1051 1300 legio
1080 1216 1145 1280 VII
1172 1216 1221 1280 ad
1254 1238 1336 1280 eum

159 1311 286 1382 'venit
313 1319 582 1400 cohortesque
605 1339 648 1381 ex
670 1320 784 1382 novis
801 1318 957 1383 Galliae
980 1317 1208 1382 delectibus
1230 1316 1337 1381 XXII

173 1423 214 1484 et
235 1441 264 1502 q.
287 1440 311 1481 s.
356 1417 502 1483 Kranero
526 1416 593 1483 rem
615 1421 662 1482 ita
682 1419 886 1503 explanante,
913 1421 950 1482 ut
970 1418 1002 1481 id
1025 1417 1169 1482 triduum
1196 1417 1235 1481 ad
1258 1419 1337 1500 pri·

173 1521 245 1583 mis
268 1518 436 1583 diebus“
458 1520 602 1604 referret,
626 1522 697 1604 quis
720 1543 739 1584 a
760 1521 998 1602 simplicissima
1020 1523 1052 1583 et
1073 1518 1224 1584 facillima
1239 1519 1338 1580 inter-

172 1621 354 1704 pretatione
375 1622 512 1697 recedet,
535 1643 606 1684 curn
628 1621 824 1704 praesentim
846 1621 989 1684 Blatzius
1010 1619 1094 1684 nihil
1116 1620 1204 1683 aliud
1227 1619 1338 1682 afferat

172 1721 237 1784 nisi
259 1713 371 1784 haece}
393 1744 424 1804 p.
451 1721 504 1786 18:
534 1721 579 1786 ns
602 1723 646 1786 ist
667 1721 759 1785 nicht
782 1721 962 1804 erklarlich,
985 1723 1047 1786 wie
1068 1743 1142 1785 man
1164 1742 1229 1784 von
1252 1720 1337 1783 die-

173 1843 242 1885 sen
277 1823 297 1886 3
329 1821 442 1905 Tagen
468 1824 567 1887 reden
594 1824 718 1905 kenne,
751 1844 847 1886 weun
874 1823 919 1886 im
947 1821 1245 1904 Vorausgehenden
1272 1841 1337 1884 von
1380 1887 1382 1891 ,
1461 1820 1489 1830 ”

172 1923 291 1987 keInen
317 1923 337 1987 3
361 1923 474 2006 Tagen
497 1924 548 1987 die
574 1921 663 1987 Reda
684 1924 737 1987 ist.
761 1923 900 2006 explicat
927 1924 1030 2007 igitur
1056 1923 1233 2004 vertitque:
1270 1920 1346 1985 Das.

172 2025 230 2090 auf
250 2022 305 2088 das
320 2024 505 2088 Berichtete
528 2023 727 2107 folgende
748 2023 901 2088 triduum.
944 2024 991 2086 At
1012 2025 1040 2087 si
1061 2044 1129 2086 non
1151 2023 1247 2085 trium
1273 2011 1336 2085 die-

172 2148 243 2190 rum
258 2126 381 2189 mentio
397 2129 445 2189 est
459 2125 553 2208 iacta,
576 2125 698 2189 mentio
715 2128 764 2189 est
778 2125 861 2188 facta
876 2124 1001 2188 dierum
1021 2124 1217 2207 primorum,
1239 2123 1338 2186 habet

172 2227 275 2309 igitur
296 2248 475 2310 pronomen
497 2228 530 2290 is
537 2278 546 2309 ,
568 2249 632 2310 quo
654 2227 821 2291 referatur.

259 2378 349 2441 Alter
364 2381 470 2440 autem
486 2379 576 2440 locus
590 2378 755 2441 invenitur
769 2399 795 2441 c.
811 2377 861 2459 87,
883 2379 941 2442 ubi
955 2377 1001 2441 ita
1016 2377 1082 2440 lere
1098 2399 1148 2441 res
1164 2400 1198 2441 se
1221 2377 1335 2441 habet:

173 2479 293 2543 Milites
315 2479 430 2542 Afrani
458 2481 490 2541 et
511 2478 619 2543 Petrei
649 2476 778 2543 Caesari
807 2500 842 2543 se
864 2478 1020 2543 dederant
1046 2479 1265 2562 postulantes,
1300 2481 1337 2542 ut

173 2580 313 2643 statim
335 2579 593 2663 dimitterentur,
624 2601 676 2643 res
708 2602 744 2644 eo
774 2578 957 2664 deducitur,
986 2584 1024 2643 ut
1045 2581 1089 2663 ei,
1119 2581 1173 2662 qui
1196 2580 1337 2644 habeant

174 2679 371 2744 domicilium
394 2684 449 2744 aut
470 2681 707 2763 possessionem
729 2682 764 2744 in
781 2681 949 2764 Hispania,
972 2682 1132 2763 statim,
1156 2681 1272 2763 reliqui
1294 2681 1335 2744 ad

174 2782 297 2845 Varum
330 2780 449 2844 flumen
479 2779 685 2844 dimittantur
712 2780 781 2863 (cfr.
810 2802 835 2844 c.
865 2781 929 2861 86).
973 2781 1211 2866 Nonnullisque
1239 2782 1335 2846 rebus

173 2882 439 2960 commemoratis,
462 2904 543 2965 quae
557 2881 641 2946 hanc
660 2880 700 2945 ad
724 2881 945 2963 quaestionem
967 2881 1049 2944 nihil
1071 2882 1203 2964 faciunt,
1226 2885 1337 2947 narrat

172 2981 1336 3048 haec:Partecircitertertiaexercituseobiduodimissa
1454 3002 1459 3009 ·

174 3083 269 3145 duas
292 3082 476 3164 legiones
509 3083 750 3148 antecedere
779 3084 959 3167 reliquas
988 3083 1179 3165 subsequi
1202 3085 1335 3149 iussit.

172 3183 293 3246 Iterum
309 3181 452 3247 Blatzius
468 3185 567 3266 „zwei
582 3190 668 3266 Tage
683 3183 846 3248 nachher“
861 3185 1001 3248 exhibet.
1046 3183 1108 3248 Sed
1125 3185 1238 3266 quidni
1260 3186 1336 3248 licu-

174 3286 236 3348 erit
251 3282 391 3365 Caesari,
413 3306 484 3348 cum
499 3285 689 3368 languidum
705 3288 801 3368 atque
817 3285 965 3349 odiosum
979 3284 1061 3348 illud
1082 3307 1125 3349 eo
1141 3285 1204 3350 die
1220 3292 1259 3348 et
1274 3286 1336 3349 die

172 3391 335 3469 postero
359 3386 456 3449 vellet
477 3386 594 3466 vitare,
625 3388 657 3448 et
679 3386 860 3468 elegantius
883 3389 916 3449 et
937 3386 1125 3450 concinnius
1149 3407 1191 3450 eo
1215 3386 1335 3450 biduo

173 3487 351 3569 usurpare?
379 3486 496 3550 Nonne
523 3509 574 3551 res
602 3487 762 3571 postulat,
790 3508 863 3550 cum
884 3488 1073 3570 praesertim
1095 3489 1246 3570 appareat
1273 3489 1336 3550 sta·
1398 3479 1402 3487 ’

172 3590 232 3651 tim
255 3588 373 3651 milites
404 3587 613 3652 dimittendos
642 3587 757 3669 fuisse,
787 3589 822 3650 ut
843 3587 877 3650 id
894 3587 1027 3651 biduum
1051 3609 1120 3651 esse
1143 3588 1242 3670 diem,
1271 3609 1335 3669 quo

172 3688 292 3751 milites
316 3711 350 3752 se
373 3687 537 3772 dederant,
562 3692 595 3752 et
617 3689 703 3753 diem
724 3690 889 3771 posterum
911 3688 1162 3772 intellegamus?

257 3838 380 3903 Eadem
388 3861 518 3923 prorsus
528 3841 590 3905 loci
599 3841 688 3904 tertii
696 3844 734 3921 (c.
743 3839 799 3924 41)
808 3844 857 3904 est
866 3839 1049 3918 difficultas,
1062 3840 1182 3922 eadem,
1190 3841 1336 3903 nostram

172 3942 368 4004 sententiam
386 3942 413 4004 si
434 3942 586 4024 sequeris,
610 3941 694 4004 haud
712 3943 758 4004 ita
781 3942 922 4005 difficilis
942 3942 989 4005 rei
1008 3942 1186 4024 explicatio.
1208 3939 1334 4021 Caesar,

71 4057 73 4061 ’
172 4045 344 4124 postquam
352 4045 499 4124 exposuit
506 4051 604 4124 ponte
616 4043 797 4125 interrupto
810 4042 953 4124 (singula
965 4042 1099 4125 longum
1111 4045 1161 4106 est
1173 4042 1334 4127 enarrare)

173 4141 1335 4226 proeliumcommissumsedmoxessediremptumlegionesqueincastra

173 4241 319 4306 reductas
333 4264 411 4325 esse,
424 4242 515 4307 addit
527 4243 619 4308 haec:
643 4265 685 4307 eo
710 4243 830 4306 biduo
854 4241 999 4308 Caesar
1021 4266 1105 4308 cum
1129 4243 1334 4327 equitibus
