3030 4754
458 314 853 438 .’,91,-

174 506 314 567 minem
342 502 549 566 initiatum
578 503 635 566 ihi
663 505 854 568 maiorem
877 503 991 567 annis
1014 502 1177 584 viginti.
1201 501 1251 583 (in
1275 499 1337 564 den

175 600 502 687 2vorausgehenden
522 602 644 680 Jahren
667 609 700 668 et
725 606 879 688 quoniam
902 605 942 668 ab
969 604 1065 666 initio
1091 602 1228 667 biennii
1243 602 1339 685 profi-

174 707 331 782 ciscimur,
355 704 439 767 idern
457 704 523 768 fere
540 709 589 769 est
612 709 708 787 atque
731 706 792 769 seit
813 706 834 769 2
855 705 1005 785 Jahran).
1033 703 1103 779 Qua
1124 705 1159 765 in
1181 725 1215 766 rc
1237 704 1338 765 notis-

175 807 257 868 sima
278 805 560 888 pervulgatissima
580 829 621 871 ne
637 807 755 889 longus
771 808 833 870 sim
856 845 894 854 -
919 807 1042 888 copiam
1058 808 1165 868 auteur
1182 803 1339 867 eiusmodi

174 907 317 969 locorum
339 906 374 968 in
392 909 543 989 promptu
558 907 661 971 haheo
684 908 878 971 uberrimam
893 906 1010 970 -hoc
1033 906 1103 968 dico
1126 906 1221 968 licere
1243 904 1337 967 nobis

173 1007 350 1070 nonnullos
378 1006 465 1071 locos
493 1008 589 1091 idque
617 1008 852 1090 interpretandi
882 1029 975 1072 causa
1003 1007 1150 1071 addenda
1178 1007 1368 1089 praeposi-¹

174 1108 264 1170 tione
291 1107 342 1170 vel
371 1112 465 1172 ante
491 1109 542 1173 vel
571 1113 665 1192 post
686 1110 859 1191 illustrare,
889 1108 1066 1191 permultos
1090 1109 1188 1186 locos,
1212 1109 1339 1171 senten-

174 1210 291 1272 tiarum
313 1207 347 1271 id
369 1210 562 1292 prohibente
585 1231 716 1297 conexu,
739 1232 806 1273 non
828 1210 934 1272 licere.

258 1309 327 1372 Iam
347 1330 423 1373 vero
438 1331 542 1392 neque
563 1331 620 1392 par
643 1314 692 1374 est
713 1332 844 1394 prorsus
867 1332 970 1393 neque
994 1309 1102 1392 dispar
1124 1331 1233 1373 eorum
1254 1309 1338 1372 ratio

175 1414 328 1493 locorum,
343 1413 398 1476 ubi
416 1432 594 1494 pronomen
610 1410 907 1490 demonstrativum,
923 1410 1100 1493 quodsane
1115 1411 1233 1474 habere
1245 1410 1340 1473 debet

176 1535 238 1595 quo
255 1514 421 1593 referatur,
444 1513 484 1574 ad
503 1513 679 1576 ablativum
694 1513 849 1594 temporis
865 1512 1003 1575 additur.
1047 1511 1194 1594 Namque
1210 1511 1236 1572 si
1253 1510 1339 1591 squi-

177 1613 249 1676 dem
278 1614 366 1679 dico:
406 1614 479 1678 hoc
512 1613 632 1677 biduo
662 1617 718 1676 aut
747 1612 814 1675 dies
842 1612 1018 1676 hodiernus
1048 1615 1144 1694 atque
1179 1611 1336 1674 crastinus

120 1785 121 1788 Ἴ
175 1717 232 1778 aut
264 1715 332 1778 dies
360 1715 529 1779 hesternus
558 1717 590 1778 et
617 1714 793 1778 hodiernus
821 1714 1054 1796 significantur.
1098 1713 1244 1776 Tertium
1271 1733 1339 1774 non

177 1814 285 1899 datur3
314 1815 437 1879 biduo
464 1818 585 1896 contra,
614 1815 705 1877 nullo
729 1815 920 1896 pronomine
943 1813 1196 1877 demonstrativo
1216 1813 1337 1893 addite,
1430 1854 1435 1863 -

77 1921 88 1941 ⁴
176 1919 203 1980 si
225 1939 275 1980 res
297 1916 449 1999 postulat,
473 1917 569 1979 ctiam
583 1915 634 1978 vel
657 1914 724 1977 dies
748 1914 827 1977 duos
845 1913 1072 1978 antecedentes
1095 1915 1147 1977 vel
1168 1917 1338 1995 sequentes

174 2019 358 2100 significare
379 2019 495 2099 potest.

227 2177 231 2185 .
259 2118 375 2180 Miram
396 2118 502 2180 autem
524 2115 574 2180 his
595 2116 634 2180 de
657 2117 805 2181 ablativis
829 2116 1024 2180 sententiam
1039 2115 1206 2179 Blatzius*
1229 2115 1340 2178 attulit

110 2273 113 2278 .
175 2219 272 2281 hanc:
309 2215 413 2281 Sowie
445 2218 480 2279 in
508 2216 729 2300 Zeitangaben
764 2218 816 2280 ein
844 2216 1078 2280 datirendes
1106 2216 1158 2280 1110
1187 2216 1254 2280 und
1283 2216 1339 2278 ille

176 2318 404 2401 gebrauohlich
425 2319 478 2396 ist,
501 2339 536 2381 so
556 2319 690 2389 kommt,
714 2340 808 2382 wenn
831 2318 911 2382 auch
932 2318 1047 2397 selten,
1078 2317 1134 2380 das
1156 2317 1339 2381 Pronomen

176 2420 204 2482 is
226 2419 262 2480 in
284 2418 450 2481 iih'nlicher
471 2417 664 2500 Bedeutung
686 2441 743 2481 vor
765 2417 831 2482 und
854 2418 945 2481 dient
968 2418 1054 2481 dann
1076 2418 1170 2499 dazu,
1199 2441 1253 2481 um
1275 2440 1339 2482 von

178 2519 283 2582 einem
312 2519 499 2582 erwiihnten
520 2519 690 2601 Ereigniss
719 2540 775 2583 aus
799 2519 856 2583 der
877 2518 1145 2602 Vorgangenheit
1166 2519 1257 2582 nicht
1278 2541 1340 2582 nur

175 2622 347 2700 vorwiirts‚
375 2620 516 2684 sondern
545 2620 626 2684 auch
652 2620 828 2685 riiclrwiirts
850 2644 889 2684 zu
912 2621 1047 2684 datiren.
1092 2620 1142 2684 Ne
1164 2621 1198 2682 in
1220 2615 1338 2683 molem

176 2722 297 2785 creseat
314 2721 454 2802 libellus
481 2742 635 2803 perquam
658 2741 719 2802 ego
742 2722 894 2801 breviter,
924 2743 988 2804 quo
1011 2743 1048 2784 ex
1072 2743 1179 2784 errore
1201 2741 1280 2801 quos
1303 2721 1339 2782 in

176 2842 300 2885 errores
320 2821 370 2884 vir
390 2821 502 2886 doctus
526 2823 569 2884 sit
592 2820 757 2904 deductus,
786 2822 965 2904 explicabo:
994 2822 1056 2886 Hic
1078 2843 1181 2885 annus
1204 2824 1254 2885 est
1282 2820 1338 2884 das

172 2923 294 3005 jetzige
313 2916 395 2987 Jahr
418 2943 495 3005 ergo
514 2922 565 2986 his
589 2923 683 2986 annis
708 2926 757 2986 est
780 2922 829 3001 (in
848 2922 958 2986 diesen
979 2923 1116 3005 Jahren)
1140 2923 1196 2986 scd
1218 2923 1273 3004 ita,
1303 2925 1339 2986 ut

177 3045 290 3094 annus,
314 3023 370 3104 qui
390 3043 476 3086 nunc
499 3026 558 3102 est,
581 3024 646 3086 illis
669 3029 761 3087 annis
785 3025 997 3088 contineatur.
1042 3024 1184 3088 Blatzius
1207 3046 1282 3087 vero
1306 3027 1339 3088 et

177 3122 345 3205 Wopkens
380 3124 484 3203 (lectt.
515 3123 601 3190 Tull.
632 3113 663 3206 p.
698 3125 760 3188 349
787 3124 888 3189 lenae
919 3125 1016 3206 1829)
1047 3122 1083 3189 et'
1106 3124 1338 3188 Drakenborch

178 3224 233 3306 (ad
265 3223 333 3288 Liv.
362 3223 393 3288 V
420 3225 473 3304 51,
501 3225 545 3304 5.)
574 3224 636 3288 his
666 3226 782 3289 annis
820 3225 894 3289 hoc
928 3225 1047 3290 biduo
1086 3227 1148 3289 alia
1182 3224 1339 3289 eiusmodi

176 3324 259 3388 idem
292 3345 362 3388 esse
390 3326 522 3388 censent
550 3328 662 3407 atque:
697 3327 891 3409 proximis
920 3327 1035 3390 annis
1062 3327 1208 3409 proximo
1237 3348 1338 3408 ann03

177 3427 294 3497 mirum
323 3427 430 3488 autem
458 3427 614 3507 quantum
641 3427 690 3489 illi
719 3426 890 3508 falluntur,
919 3428 1070 3510 quoniam
1098 3449 1201 3509 neque
1223 3448 1339 3509 prono-

178 3526 276 3588 minis
313 3524 377 3588 hic
403 3525 451 3588 vis
486 3529 583 3607 atque
617 3529 734 3591 natura
768 3528 801 3591 id
831 3529 991 3611 postulat,
1030 3527 1085 3591 sed
1113 3529 1221 3610 potius
1251 3528 1339 3589 vetat

53 3630 56 3634 ’
177 3647 281 3708 neque
312 3626 375 3689 loci
401 3627 440 3705 ii,
469 3647 549 3708 quos
577 3627 770 3706 attulerunt,
800 3651 910 3692 eorum
938 3628 1123 3692 ullomodo
1147 3628 1339 3692 confirmant

178 3728 380 3810 opinionem;
420 3748 482 3809 quo
511 3728 545 3790 in
576 3751 710 3793 numero
739 3728 843 3794 Plaut.
874 3729 960 3794 Pers,
983 3729 1012 3793 l.
1042 3730 1068 3795 1.
1094 3729 1145 3793 37.
1190 3727 1337 3792 Numos

71 3829 74 3835 ’
173 3828 274 3910 'quos
303 3828 382 3891 tibi
409 3849 595 3911 reponam
622 3830 696 3894 1100
724 3830 869 3896 triduo.
912 3830 1055 3894 Blatzius
1078 3832 1143 3893 tres
1166 3831 1337 3911 sequentes

178 3929 246 3993 dies
274 3929 451 4011 significari
472 3932 581 4013 putat;
610 3930 666 3994 sed
689 3953 759 3995 mea
781 3931 909 4014 quidem
932 3931 1094 3996 sententia
1115 3932 1185 3993 luce
1208 3932 1257 3992 est
1279 3929 1339 3992 cla-

177 4031 244 4093 rius
272 4030 333 4093 hoo
359 4030 501 4093 triduum
524 4032 693 4115 complecti
714 4035 780 4096 tres
804 4032 880 4109 dies,
909 4033 963 4114 qui
986 4032 1210 4114 significantur
1232 4029 1340 4092 adver·

179 4129 254 4192 biis:
277 4129 395 4194 hodic
418 4118 499 4194 oras
521 4133 731 4214 perendie,
752 4134 984 4216 pecuniamque
1006 4135 1033 4195 si
1056 4132 1171 4194 ultimo
1188 4131 1255 4213 ejus
1271 4152 1340 4212 spa-

263 4263 457 4341 *Progranrm
475 4265 523 4319 des
541 4263 641 4334 Gymn.
660 4283 694 4319 zu
712 4265 863 4333 Offenburg
880 4266 898 4324 i.
916 4265 1010 4320 Baden
1030 4270 1161 4319 1860—61
1180 4283 1207 4332 p.
1226 4270 1266 4317 37.
