<?xml version="1.0" encoding="UTF-8"?>
<!DOCTYPE html PUBLIC "-//W3C//DTD XHTML 1.0 Transitional//EN"
    "http://www.w3.org/TR/xhtml1/DTD/xhtml1-transitional.dtd">
<html xmlns="http://www.w3.org/1999/xhtml" xml:lang="en" lang="en">
 <head>
  <title>
</title>
<meta http-equiv="Content-Type" content="text/html;charset=utf-8" />
  <meta name='ocr-system' content='tesseract 3.04.00' />
  <meta name='ocr-capabilities' content='ocr_page ocr_carea ocr_par ocr_line ocrx_word'/>
</head>
<body>
  <div class='ocr_page' id='page_1' title='image "./deciceronisalte00langgoog_0036.png"; bbox 0 0 3030 4754; ppageno 0'>
   <div class='ocr_carea' id='block_1_1' title="bbox 649 360 856 423">
    <p class='ocr_par' dir='ltr' id='par_1_1' title="bbox 649 360 856 423">
     <span class='ocr_line' id='line_1_1' title="bbox 649 360 856 423; baseline 0 -19"><span class='ocrx_word' id='word_1_1' title='bbox 649 360 856 423; x_wconf 59' lang='lat'>..31-</span> 
     </span>
    </p>
   </div>
   <div class='ocr_carea' id='block_1_2' title="bbox 85 521 1335 3132">
    <p class='ocr_par' dir='ltr' id='par_1_2' title="bbox 85 521 1335 3132">
     <span class='ocr_line' id='line_1_2' title="bbox 169 521 1334 612; baseline -0.007 -19"><span class='ocrx_word' id='word_1_2' title='bbox 169 531 231 593; x_wconf 91' lang='lat' dir='ltr'>alia</span> <span class='ocrx_word' id='word_1_3' title='bbox 255 528 411 612; x_wconf 78' lang='lat' dir='ltr'>quaedam</span> <span class='ocrx_word' id='word_1_4' title='bbox 434 549 515 609; x_wconf 89' lang='lat' dir='ltr'>quae</span> <span class='ocrx_word' id='word_1_5' title='bbox 537 527 665 610; x_wconf 87' lang='lat' dir='ltr'>majoris</span> <span class='ocrx_word' id='word_1_6' title='bbox 690 531 766 591; x_wconf 90' lang='lat' dir='ltr'>sunt</span> <span class='ocrx_word' id='word_1_7' title='bbox 788 527 945 590; x_wconf 89' lang='lat' dir='ltr'>momenti</span> <span class='ocrx_word' id='word_1_8' title='bbox 968 526 1151 589; x_wconf 84' lang='lat' dir='ltr'>afferamus:</span> <span class='ocrx_word' id='word_1_9' title='bbox 1179 523 1218 588; x_wconf 89' lang='lat' dir='ltr'>ln</span> <span class='ocrx_word' id='word_1_10' title='bbox 1242 521 1334 606; x_wconf 82' lang='lat' dir='ltr'>Capi·</span> 
     </span>
     <span class='ocr_line' id='line_1_3' title="bbox 170 628 1333 712; baseline -0.005 -19"><span class='ocrx_word' id='word_1_11' title='bbox 170 632 251 694; x_wconf 88' lang='lat' dir='ltr'>tolio</span> <span class='ocrx_word' id='word_1_12' title='bbox 274 631 302 692; x_wconf 89' lang='lat' dir='ltr'>si</span> <span class='ocrx_word' id='word_1_13' title='bbox 325 631 446 712; x_wconf 77' lang='lat' dir='ltr'><strong>gratias</strong></span> <span class='ocrx_word' id='word_1_14' title='bbox 469 629 631 710; x_wconf 86' lang='lat' dir='ltr'>recitavit,</span> <span class='ocrx_word' id='word_1_15' title='bbox 663 629 733 691; x_wconf 88' lang='lat' dir='ltr'>sine</span> <span class='ocrx_word' id='word_1_16' title='bbox 755 628 859 696; x_wconf 62' lang='lat' dir='ltr'>,dubio</span> <span class='ocrx_word' id='word_1_17' title='bbox 882 629 1123 691; x_wconf 73' lang='lat' dir='ltr'>relationem</span> <span class='ocrx_word' id='word_1_18' title='bbox 1148 646 1333 708; x_wconf 87' lang='lat' dir='ltr'>egressus</span> 
     </span>
     <span class='ocr_line' id='line_1_4' title="bbox 170 726 1333 811; baseline -0.005 -17"><span class='ocrx_word' id='word_1_19' title='bbox 170 734 245 811; x_wconf 90' lang='lat' dir='ltr'>est,</span> <span class='ocrx_word' id='word_1_20' title='bbox 282 733 334 793; x_wconf 86' lang='lat' dir='ltr'>vix</span> <span class='ocrx_word' id='word_1_21' title='bbox 370 734 476 792; x_wconf 90' lang='lat' dir='ltr'>autem</span> <span class='ocrx_word' id='word_1_22' title='bbox 506 729 694 792; x_wconf 78' lang='lat' dir='ltr'>crediderim</span> <span class='ocrx_word' id='word_1_23' title='bbox 724 730 759 791; x_wconf 90' lang='lat' dir='ltr'>in</span> <span class='ocrx_word' id='word_1_24' title='bbox 787 730 943 793; x_wconf 70' lang='lat' dir='ltr'>relatione</span> <span class='ocrx_word' id='word_1_25' title='bbox 973 726 1166 811; x_wconf 86' lang='lat' dir='ltr'>egredienda</span> <span class='ocrx_word' id='word_1_26' title='bbox 1197 727 1333 789; x_wconf 88' lang='lat' dir='ltr'>nimium</span> 
     </span>
     <span class='ocr_line' id='line_1_5' title="bbox 170 827 1334 914; baseline -0.004 -20"><span class='ocrx_word' id='word_1_27' title='bbox 170 855 242 894; x_wconf 90' lang='lat' dir='ltr'>eum</span> <span class='ocrx_word' id='word_1_28' title='bbox 264 833 418 914; x_wconf 91' lang='lat' dir='ltr'>temporis</span> <span class='ocrx_word' id='word_1_29' title='bbox 449 853 486 893; x_wconf 91' lang='lat' dir='ltr'>eo</span> <span class='ocrx_word' id='word_1_30' title='bbox 509 834 654 913; x_wconf 89' lang='lat' dir='ltr'>tempore</span> <span class='ocrx_word' id='word_1_31' title='bbox 684 832 936 913; x_wconf 82' lang='lat' dir='ltr'>consumpsisse,</span> <span class='ocrx_word' id='word_1_32' title='bbox 965 852 1027 912; x_wconf 93' lang='lat' dir='ltr'>quo</span> <span class='ocrx_word' id='word_1_33' title='bbox 1050 850 1170 909; x_wconf 90' lang='lat' dir='ltr'>omnes,</span> <span class='ocrx_word' id='word_1_34' title='bbox 1195 827 1271 910; x_wconf 88' lang='lat' dir='ltr'>quid</span> <span class='ocrx_word' id='word_1_35' title='bbox 1295 827 1334 889; x_wconf 89' lang='lat' dir='ltr'>de</span> 
     </span>
     <span class='ocr_line' id='line_1_6' title="bbox 169 930 1334 1014; baseline -0.004 -19"><span class='ocrx_word' id='word_1_36' title='bbox 169 955 243 996; x_wconf 89' lang='lat' dir='ltr'>cura</span> <span class='ocrx_word' id='word_1_37' title='bbox 266 955 412 995; x_wconf 91' lang='lat' dir='ltr'>annonae</span> <span class='ocrx_word' id='word_1_38' title='bbox 434 931 587 1014; x_wconf 89' lang='lat' dir='ltr'>Pompeio</span> <span class='ocrx_word' id='word_1_39' title='bbox 609 930 791 994; x_wconf 88' lang='lat' dir='ltr'>mandanda</span> <span class='ocrx_word' id='word_1_40' title='bbox 814 931 955 994; x_wconf 88' lang='lat' dir='ltr'>dicturus</span> <span class='ocrx_word' id='word_1_41' title='bbox 979 933 1073 1013; x_wconf 86' lang='lat' dir='ltr'>esset,</span> <span class='ocrx_word' id='word_1_42' title='bbox 1096 932 1334 1013; x_wconf 81' lang='lat' dir='ltr'>exspectarent3</span> 
     </span>
     <span class='ocr_line' id='line_1_7' title="bbox 171 1029 1335 1117; baseline -0.005 -20"><span class='ocrx_word' id='word_1_43' title='bbox 171 1056 267 1116; x_wconf 89' lang='lat' dir='ltr'>quare</span> <span class='ocrx_word' id='word_1_44' title='bbox 296 1035 403 1098; x_wconf 89' lang='lat' dir='ltr'>omitti</span> <span class='ocrx_word' id='word_1_45' title='bbox 431 1033 589 1096; x_wconf 88' lang='lat' dir='ltr'>nonnulla</span> <span class='ocrx_word' id='word_1_46' title='bbox 616 1056 635 1095; x_wconf 92' lang='lat' dir='ltr'>a</span> <span class='ocrx_word' id='word_1_47' title='bbox 657 1031 909 1117; x_wconf 74' lang='lat' dir='ltr'>Cicerone&#39;ipso</span> <span class='ocrx_word' id='word_1_48' title='bbox 931 1033 1123 1114; x_wconf 90' lang='lat' dir='ltr'>potuerunt,</span> <span class='ocrx_word' id='word_1_49' title='bbox 1154 1029 1335 1093; x_wconf 88' lang='lat' dir='ltr'>debuerunt</span> 
     </span>
     <span class='ocr_line' id='line_1_8' title="bbox 169 1131 1333 1216; baseline -0.005 -18"><span class='ocrx_word' id='word_1_50' title='bbox 169 1139 274 1198; x_wconf 87' lang='lat' dir='ltr'>autem</span> <span class='ocrx_word' id='word_1_51' title='bbox 298 1136 415 1213; x_wconf 85' lang='lat' dir='ltr'>omitti,</span> <span class='ocrx_word' id='word_1_52' title='bbox 439 1156 519 1216; x_wconf 91' lang='lat' dir='ltr'>quae</span> <span class='ocrx_word' id='word_1_53' title='bbox 541 1135 575 1196; x_wconf 90' lang='lat' dir='ltr'>in</span> <span class='ocrx_word' id='word_1_54' title='bbox 597 1134 713 1196; x_wconf 90' lang='lat' dir='ltr'>itinere</span> <span class='ocrx_word' id='word_1_55' title='bbox 737 1132 776 1195; x_wconf 89' lang='lat' dir='ltr'>de</span> <span class='ocrx_word' id='word_1_56' title='bbox 798 1133 929 1215; x_wconf 89' lang='lat' dir='ltr'>frugum</span> <span class='ocrx_word' id='word_1_57' title='bbox 952 1133 1098 1194; x_wconf 88' lang='lat' dir='ltr'>ubertate</span> <span class='ocrx_word' id='word_1_58' title='bbox 1127 1131 1167 1194; x_wconf 89' lang='lat' dir='ltr'>de</span> <span class='ocrx_word' id='word_1_59' title='bbox 1193 1131 1333 1194; x_wconf 91' lang='lat' dir='ltr'>fortunis</span> 
     </span>
     <span class='ocr_line' id='line_1_9' title="bbox 169 1231 1334 1317; baseline -0.006 -17"><span class='ocrx_word' id='word_1_60' title='bbox 169 1237 318 1300; x_wconf 89' lang='lat' dir='ltr'>omnibus</span> <span class='ocrx_word' id='word_1_61' title='bbox 342 1236 404 1297; x_wconf 90' lang='lat' dir='ltr'>sibi</span> <span class='ocrx_word' id='word_1_62' title='bbox 426 1232 585 1298; x_wconf 82' lang='lat' dir='ltr'>restitutis</span> <span class='ocrx_word' id='word_1_63' title='bbox 608 1235 727 1316; x_wconf 89' lang='lat' dir='ltr'>scripta</span> <span class='ocrx_word' id='word_1_64' title='bbox 749 1238 850 1317; x_wconf 90' lang='lat' dir='ltr'>erant,</span> <span class='ocrx_word' id='word_1_65' title='bbox 879 1255 959 1315; x_wconf 90' lang='lat' dir='ltr'>quae</span> <span class='ocrx_word' id='word_1_66' title='bbox 980 1235 1081 1296; x_wconf 89' lang='lat' dir='ltr'>risum</span> <span class='ocrx_word' id='word_1_67' title='bbox 1103 1254 1180 1296; x_wconf 89' lang='lat' dir='ltr'>sane</span> <span class='ocrx_word' id='word_1_68' title='bbox 1202 1232 1259 1294; x_wconf 91' lang='lat' dir='ltr'>illo</span> <span class='ocrx_word' id='word_1_69' title='bbox 1283 1231 1334 1294; x_wconf 91' lang='lat' dir='ltr'>die</span> 
     </span>
     <span class='ocr_line' id='line_1_10' title="bbox 168 1333 1332 1418; baseline -0.003 -20"><span class='ocrx_word' id='word_1_70' title='bbox 168 1338 294 1418; x_wconf 89' lang='lat' dir='ltr'>prolata</span> <span class='ocrx_word' id='word_1_71' title='bbox 320 1338 355 1398; x_wconf 94' lang='lat' dir='ltr'>in</span> <span class='ocrx_word' id='word_1_72' title='bbox 384 1335 525 1398; x_wconf 88' lang='lat' dir='ltr'>medium</span> <span class='ocrx_word' id='word_1_73' title='bbox 553 1336 739 1400; x_wconf 82' lang='lat' dir='ltr'>movissent.</span> <span class='ocrx_word' id='word_1_74' title='bbox 783 1334 932 1416; x_wconf 88' lang='lat' dir='ltr'>Denique</span> <span class='ocrx_word' id='word_1_75' title='bbox 959 1335 1086 1397; x_wconf 87' lang='lat' dir='ltr'>recitari</span> <span class='ocrx_word' id='word_1_76' title='bbox 1115 1334 1270 1396; x_wconf 88' lang='lat' dir='ltr'>orationis</span> <span class='ocrx_word' id='word_1_77' title='bbox 1293 1333 1332 1395; x_wconf 90' lang='lat' dir='ltr'>ad</span> 
     </span>
     <span class='ocr_line' id='line_1_11' title="bbox 169 1434 1334 1520; baseline -0.003 -20"><span class='ocrx_word' id='word_1_78' title='bbox 169 1440 316 1500; x_wconf 88' lang='lat' dir='ltr'>senatum</span> <span class='ocrx_word' id='word_1_79' title='bbox 344 1458 411 1499; x_wconf 91' lang='lat' dir='ltr'>non</span> <span class='ocrx_word' id='word_1_80' title='bbox 438 1436 546 1518; x_wconf 91' lang='lat' dir='ltr'>potuit</span> <span class='ocrx_word' id='word_1_81' title='bbox 575 1457 610 1498; x_wconf 89' lang='lat' dir='ltr'>ea</span> <span class='ocrx_word' id='word_1_82' title='bbox 637 1457 711 1519; x_wconf 90' lang='lat' dir='ltr'>pars</span> <span class='ocrx_word' id='word_1_83' title='bbox 735 1435 829 1520; x_wconf 89' lang='lat' dir='ltr'>(VII,</span> <span class='ocrx_word' id='word_1_84' title='bbox 863 1436 1000 1513; x_wconf 77' lang='grc'>111-11)</span> <span class='ocrx_word' id='word_1_85' title='bbox 1028 1457 1091 1516; x_wconf 92' lang='lat' dir='ltr'>qua</span> <span class='ocrx_word' id='word_1_86' title='bbox 1118 1434 1153 1499; x_wconf 87' lang='lat' dir='ltr'>L.</span> <span class='ocrx_word' id='word_1_87' title='bbox 1184 1434 1334 1497; x_wconf 86' lang='lat' dir='ltr'>Pisonem</span> 
     </span>
     <span class='ocr_line' id='line_1_12' title="bbox 168 1535 1334 1618; baseline -0.002 -18"><span class='ocrx_word' id='word_1_88' title='bbox 168 1539 254 1600; x_wconf 88' lang='lat' dir='ltr'>hunc</span> <span class='ocrx_word' id='word_1_89' title='bbox 268 1538 303 1600; x_wconf 89' lang='lat' dir='ltr'>in</span> <span class='ocrx_word' id='word_1_90' title='bbox 315 1537 444 1600; x_wconf 89' lang='lat' dir='ltr'>modum</span> <span class='ocrx_word' id='word_1_91' title='bbox 457 1537 675 1618; x_wconf 87' lang='lat' dir='ltr'>compellavit:</span> <span class='ocrx_word' id='word_1_92' title='bbox 693 1535 729 1599; x_wconf 94' lang='lat' dir='ltr'>L.</span> <span class='ocrx_word' id='word_1_93' title='bbox 742 1535 817 1600; x_wconf 85' lang='lat' dir='ltr'>Piso</span> <span class='ocrx_word' id='word_1_94' title='bbox 833 1540 930 1600; x_wconf 89' lang='lat' dir='ltr'>tune</span> <span class='ocrx_word' id='word_1_95' title='bbox 942 1557 1037 1599; x_wconf 87' lang='lat' dir='ltr'>ausus</span> <span class='ocrx_word' id='word_1_96' title='bbox 1051 1558 1083 1598; x_wconf 92' lang='lat' dir='ltr'>es</span> <span class='ocrx_word' id='word_1_97' title='bbox 1100 1540 1132 1598; x_wconf 91' lang='lat' dir='ltr'>et</span> <span class='ocrx_word' id='word_1_98' title='bbox 1148 1557 1177 1617; x_wconf 91' lang='lat' dir='ltr'>q.</span> <span class='ocrx_word' id='word_1_99' title='bbox 1192 1556 1284 1597; x_wconf 86' lang='lat' dir='ltr'>saon</span> <span class='ocrx_word' id='word_1_100' title='bbox 1294 1540 1334 1598; x_wconf 86' lang='lat' dir='ltr'>te</span> 
     </span>
     <span class='ocr_line' id='line_1_13' title="bbox 169 1636 1332 1720; baseline -0.003 -18"><span class='ocrx_word' id='word_1_101' title='bbox 169 1649 200 1702; x_wconf 89' lang='lat' dir='ltr'>et</span> <span class='ocrx_word' id='word_1_102' title='bbox 211 1661 241 1720; x_wconf 88' lang='lat' dir='ltr'>q.</span> <span class='ocrx_word' id='word_1_103' title='bbox 255 1659 269 1700; x_wconf 91' lang='lat' dir='ltr'>s</span> <span class='ocrx_word' id='word_1_104' title='bbox 283 1660 352 1701; x_wconf 89' lang='lat' dir='ltr'>cum</span> <span class='ocrx_word' id='word_1_105' title='bbox 366 1641 518 1700; x_wconf 85' lang='grc'>111-11111</span> <span class='ocrx_word' id='word_1_106' title='bbox 534 1660 628 1701; x_wconf 88' lang='lat' dir='ltr'>ausus</span> <span class='ocrx_word' id='word_1_107' title='bbox 645 1641 678 1700; x_wconf 91' lang='grc'>11</span> <span class='ocrx_word' id='word_1_108' title='bbox 693 1660 722 1719; x_wconf 90' lang='lat' dir='ltr'>q.</span> <span class='ocrx_word' id='word_1_109' title='bbox 740 1659 754 1699; x_wconf 88' lang='lat' dir='ltr'>s</span> <span class='ocrx_word' id='word_1_110' title='bbox 771 1639 853 1701; x_wconf 89' lang='lat' dir='ltr'>siout</span> <span class='ocrx_word' id='word_1_111' title='bbox 866 1659 954 1701; x_wconf 90' lang='lat' dir='ltr'>eras</span> <span class='ocrx_word' id='word_1_112' title='bbox 968 1641 1000 1700; x_wconf 92' lang='grc'>11</span> <span class='ocrx_word' id='word_1_113' title='bbox 1012 1659 1078 1719; x_wconf 64' lang='lat' dir='ltr'>qs&lt;</span> <span class='ocrx_word' id='word_1_114' title='bbox 1101 1637 1233 1699; x_wconf 79' lang='lat' dir='ltr'>Etenim</span> <span class='ocrx_word' id='word_1_115' title='bbox 1246 1636 1332 1715; x_wconf 80' lang='lat' dir='ltr'>Piso,</span> 
     </span>
     <span class='ocr_line' id='line_1_14' title="bbox 168 1738 1334 1820; baseline -0.003 -17"><span class='ocrx_word' id='word_1_116' title='bbox 168 1740 354 1818; x_wconf 85' lang='lat' dir='ltr'>consularis,</span> <span class='ocrx_word' id='word_1_117' title='bbox 372 1760 482 1801; x_wconf 89' lang='lat' dir='ltr'>omnes</span> <span class='ocrx_word' id='word_1_118' title='bbox 498 1760 569 1801; x_wconf 88' lang='lat' dir='ltr'>cum</span> <span class='ocrx_word' id='word_1_119' title='bbox 585 1740 768 1803; x_wconf 86' lang='lat' dir='ltr'>consulares</span> <span class='ocrx_word' id='word_1_120' title='bbox 790 1739 940 1802; x_wconf 89' lang='lat' dir='ltr'>abessent</span> <span class='ocrx_word' id='word_1_121' title='bbox 959 1742 1085 1820; x_wconf 89' lang='lat' dir='ltr'>praeter</span> <span class='ocrx_word' id='word_1_122' title='bbox 1100 1738 1285 1801; x_wconf 82' lang='lat' dir='ltr'>Messallam</span> <span class='ocrx_word' id='word_1_123' title='bbox 1302 1742 1334 1800; x_wconf 90' lang='grc'>11</span> 
     </span>
     <span class='ocr_line' id='line_1_15' title="bbox 169 1840 1334 1924; baseline -0.001 -22"><span class='ocrx_word' id='word_1_124' title='bbox 169 1841 339 1924; x_wconf 81' lang='lat' dir='ltr'>Afranium</span> <span class='ocrx_word' id='word_1_125' title='bbox 353 1840 407 1919; x_wconf 87' lang='lat' dir='ltr'>(ad</span> <span class='ocrx_word' id='word_1_126' title='bbox 423 1843 491 1903; x_wconf 87' lang='lat' dir='ltr'>Att.</span> <span class='ocrx_word' id='word_1_127' title='bbox 506 1840 561 1920; x_wconf 92' lang='lat' dir='ltr'>IV,</span> <span class='ocrx_word' id='word_1_128' title='bbox 575 1840 599 1905; x_wconf 92' lang='grc'>1.</span> <span class='ocrx_word' id='word_1_129' title='bbox 613 1841 657 1923; x_wconf 81' lang='grc'>11.)</span> <span class='ocrx_word' id='word_1_130' title='bbox 671 1841 710 1903; x_wconf 89' lang='lat' dir='ltr'>ab</span> <span class='ocrx_word' id='word_1_131' title='bbox 722 1841 779 1904; x_wconf 95' lang='lat' dir='ltr'>illo</span> <span class='ocrx_word' id='word_1_132' title='bbox 793 1843 906 1902; x_wconf 89' lang='lat' dir='ltr'>senatu</span> <span class='ocrx_word' id='word_1_133' title='bbox 918 1841 1097 1903; x_wconf 86' lang='lat' dir='ltr'>necessario</span> <span class='ocrx_word' id='word_1_134' title='bbox 1110 1840 1271 1922; x_wconf 88' lang='lat' dir='ltr'>putandus</span> <span class='ocrx_word' id='word_1_135' title='bbox 1285 1843 1334 1902; x_wconf 87' lang='lat' dir='ltr'>est</span> 
     </span>
     <span class='ocr_line' id='line_1_16' title="bbox 169 1940 1334 2023; baseline -0.002 -19"><span class='ocrx_word' id='word_1_136' title='bbox 169 1940 296 2004; x_wconf 86' lang='lat' dir='ltr'>afuisse.</span> <span class='ocrx_word' id='word_1_137' title='bbox 342 1940 429 2015; x_wconf 81' lang='lat' dir='ltr'>Quae</span> <span class='ocrx_word' id='word_1_138' title='bbox 452 1963 522 2004; x_wconf 91' lang='lat' dir='ltr'>cum</span> <span class='ocrx_word' id='word_1_139' title='bbox 545 1941 591 2002; x_wconf 88' lang='lat' dir='ltr'>ita</span> <span class='ocrx_word' id='word_1_140' title='bbox 613 1942 689 2023; x_wconf 88' lang='lat' dir='ltr'>sint,</span> <span class='ocrx_word' id='word_1_141' title='bbox 713 1963 783 2004; x_wconf 91' lang='lat' dir='ltr'>cum</span> <span class='ocrx_word' id='word_1_142' title='bbox 806 1942 923 2004; x_wconf 91' lang='lat' dir='ltr'>sinon</span> <span class='ocrx_word' id='word_1_143' title='bbox 946 1941 1082 2003; x_wconf 85' lang='lat' dir='ltr'>maxima</span> <span class='ocrx_word' id='word_1_144' title='bbox 1105 1944 1138 2002; x_wconf 91' lang='lat' dir='ltr'>at</span> <span class='ocrx_word' id='word_1_145' title='bbox 1154 1960 1273 2022; x_wconf 89' lang='lat' dir='ltr'>magna</span> <span class='ocrx_word' id='word_1_146' title='bbox 1287 1943 1334 2002; x_wconf 90' lang='lat' dir='ltr'>ta·</span> 
     </span>
     <span class='ocr_line' id='line_1_17' title="bbox 168 2040 1335 2123; baseline -0.001 -20"><span class='ocrx_word' id='word_1_147' title='bbox 168 2064 243 2103; x_wconf 91' lang='lat' dir='ltr'>men</span> <span class='ocrx_word' id='word_1_148' title='bbox 259 2041 415 2104; x_wconf 89' lang='lat' dir='ltr'>orationis</span> <span class='ocrx_word' id='word_1_149' title='bbox 431 2063 504 2123; x_wconf 91' lang='lat' dir='ltr'>pars</span> <span class='ocrx_word' id='word_1_150' title='bbox 521 2040 607 2104; x_wconf 91' lang='lat' dir='ltr'>dicta</span> <span class='ocrx_word' id='word_1_151' title='bbox 622 2043 753 2105; x_wconf 91' lang='lat' dir='ltr'>omnino</span> <span class='ocrx_word' id='word_1_152' title='bbox 769 2064 835 2106; x_wconf 89' lang='lat' dir='ltr'>non</span> <span class='ocrx_word' id='word_1_153' title='bbox 851 2043 903 2121; x_wconf 89' lang='lat' dir='ltr'>sit,</span> <span class='ocrx_word' id='word_1_154' title='bbox 918 2043 950 2104; x_wconf 93' lang='lat' dir='ltr'>et</span> <span class='ocrx_word' id='word_1_155' title='bbox 965 2063 1001 2103; x_wconf 90' lang='lat' dir='ltr'>ea</span> <span class='ocrx_word' id='word_1_156' title='bbox 1015 2061 1088 2123; x_wconf 88' lang='lat' dir='ltr'>pars</span> <span class='ocrx_word' id='word_1_157' title='bbox 1105 2062 1185 2123; x_wconf 91' lang='lat' dir='ltr'>quae</span> <span class='ocrx_word' id='word_1_158' title='bbox 1200 2043 1335 2104; x_wconf 83' lang='lat' dir='ltr'>recitata</span> 
     </span>
     <span class='ocr_line' id='line_1_18' title="bbox 169 2141 1334 2224; baseline 0 -20"><span class='ocrx_word' id='word_1_159' title='bbox 169 2146 218 2204; x_wconf 90' lang='lat' dir='ltr'>est</span> <span class='ocrx_word' id='word_1_160' title='bbox 246 2143 280 2203; x_wconf 94' lang='lat' dir='ltr'>in</span> <span class='ocrx_word' id='word_1_161' title='bbox 309 2142 464 2204; x_wconf 84' lang='lat' dir='ltr'>relatione</span> <span class='ocrx_word' id='word_1_162' title='bbox 481 2141 677 2224; x_wconf 87' lang='lat' dir='ltr'>egredienda</span> <span class='ocrx_word' id='word_1_163' title='bbox 698 2144 761 2206; x_wconf 89' lang='lat' dir='ltr'>eito</span> <span class='ocrx_word' id='word_1_164' title='bbox 785 2144 965 2224; x_wconf 83' lang='lat' dir='ltr'>cursimque</span> <span class='ocrx_word' id='word_1_165' title='bbox 995 2144 1127 2205; x_wconf 88' lang='lat' dir='ltr'>recitata</span> <span class='ocrx_word' id='word_1_166' title='bbox 1154 2144 1211 2224; x_wconf 88' lang='lat' dir='ltr'>sit,</span> <span class='ocrx_word' id='word_1_167' title='bbox 1240 2143 1334 2204; x_wconf 88' lang='lat' dir='ltr'>intel-</span> 
     </span>
     <span class='ocr_line' id='line_1_19' title="bbox 167 2242 1334 2326; baseline 0.002 -22"><span class='ocrx_word' id='word_1_168' title='bbox 167 2243 234 2325; x_wconf 90' lang='lat' dir='ltr'>legi</span> <span class='ocrx_word' id='word_1_169' title='bbox 250 2242 387 2306; x_wconf 90' lang='lat' dir='ltr'>fortasse</span> <span class='ocrx_word' id='word_1_170' title='bbox 402 2246 524 2325; x_wconf 86' lang='lat' dir='ltr'>potest,</span> <span class='ocrx_word' id='word_1_171' title='bbox 542 2265 597 2306; x_wconf 86' lang='lat' dir='ltr'>cur</span> <span class='ocrx_word' id='word_1_172' title='bbox 612 2247 743 2325; x_wconf 79' lang='lat' dir='ltr'>gratias,</span> <span class='ocrx_word' id='word_1_173' title='bbox 767 2266 808 2307; x_wconf 91' lang='lat' dir='ltr'>ne</span> <span class='ocrx_word' id='word_1_174' title='bbox 824 2267 841 2307; x_wconf 91' lang='lat' dir='ltr'>a</span> <span class='ocrx_word' id='word_1_175' title='bbox 857 2242 971 2308; x_wconf 81' lang='lat' dir='ltr'>Clodio</span> <span class='ocrx_word' id='word_1_176' title='bbox 993 2244 1122 2326; x_wconf 88' lang='lat' dir='ltr'>quidem</span> <span class='ocrx_word' id='word_1_177' title='bbox 1144 2266 1334 2307; x_wconf 91' lang='lat' dir='ltr'>commemo-</span> 
     </span>
     <span class='ocr_line' id='line_1_20' title="bbox 167 2342 1332 2426; baseline 0.001 -20"><span class='ocrx_word' id='word_1_178' title='bbox 167 2348 254 2406; x_wconf 88' lang='lat' dir='ltr'>ratas</span> <span class='ocrx_word' id='word_1_179' title='bbox 287 2344 418 2406; x_wconf 91' lang='lat' dir='ltr'>silentio</span> <span class='ocrx_word' id='word_1_180' title='bbox 452 2364 583 2426; x_wconf 88' lang='lat' dir='ltr'>prorsus</span> <span class='ocrx_word' id='word_1_181' title='bbox 618 2344 876 2408; x_wconf 86' lang='lat' dir='ltr'>dissimulaverit.</span> <span class='ocrx_word' id='word_1_182' title='bbox 922 2342 955 2407; x_wconf 85' lang='lat' dir='ltr'>Si</span> <span class='ocrx_word' id='word_1_183' title='bbox 984 2345 1086 2426; x_wconf 91' lang='lat' dir='ltr'>igitur</span> <span class='ocrx_word' id='word_1_184' title='bbox 1114 2345 1148 2406; x_wconf 90' lang='lat' dir='ltr'>in</span> <span class='ocrx_word' id='word_1_185' title='bbox 1176 2345 1232 2407; x_wconf 88' lang='lat' dir='ltr'>illa</span> <span class='ocrx_word' id='word_1_186' title='bbox 1263 2367 1332 2407; x_wconf 87' lang='lat' dir='ltr'>ora-</span> 
     </span>
     <span class='ocr_line' id='line_1_21' title="bbox 169 2443 1333 2527; baseline 0.001 -21"><span class='ocrx_word' id='word_1_187' title='bbox 169 2446 270 2523; x_wconf 84' lang='lat' dir='ltr'>tione,</span> <span class='ocrx_word' id='word_1_188' title='bbox 293 2444 349 2507; x_wconf 91' lang='lat' dir='ltr'>ubi</span> <span class='ocrx_word' id='word_1_189' title='bbox 372 2443 520 2506; x_wconf 81' lang='lat' dir='ltr'>Plancii*</span> <span class='ocrx_word' id='word_1_190' title='bbox 543 2443 737 2507; x_wconf 90' lang='lat' dir='ltr'>defendendi</span> <span class='ocrx_word' id='word_1_191' title='bbox 760 2467 892 2508; x_wconf 89' lang='lat' dir='ltr'>causae</span> <span class='ocrx_word' id='word_1_192' title='bbox 915 2445 1040 2507; x_wconf 87' lang='lat' dir='ltr'>seriniis</span> <span class='ocrx_word' id='word_1_193' title='bbox 1064 2444 1103 2508; x_wconf 90' lang='lat' dir='ltr'>ad</span> <span class='ocrx_word' id='word_1_194' title='bbox 1118 2448 1245 2527; x_wconf 92' lang='lat' dir='ltr'>tempus</span> <span class='ocrx_word' id='word_1_195' title='bbox 1261 2467 1333 2526; x_wconf 89' lang='lat' dir='ltr'>pro-</span> 
     </span>
     <span class='ocr_line' id='line_1_22' title="bbox 169 2545 1333 2628; baseline 0.001 -21"><span class='ocrx_word' id='word_1_196' title='bbox 169 2546 233 2607; x_wconf 82' lang='lat' dir='ltr'>fert</span> <span class='ocrx_word' id='word_1_197' title='bbox 256 2567 334 2622; x_wconf 85' lang='lat' dir='ltr'>eanr,</span> <span class='ocrx_word' id='word_1_198' title='bbox 358 2549 490 2627; x_wconf 83' lang='lat' dir='ltr'>propter</span> <span class='ocrx_word' id='word_1_199' title='bbox 512 2545 558 2607; x_wconf 90' lang='lat' dir='ltr'>rei</span> <span class='ocrx_word' id='word_1_200' title='bbox 581 2545 839 2626; x_wconf 78' lang='lat' dir='ltr'>magnitudinem</span> <span class='ocrx_word' id='word_1_201' title='bbox 864 2568 944 2608; x_wconf 89' lang='lat' dir='ltr'>eam</span> <span class='ocrx_word' id='word_1_202' title='bbox 967 2546 1141 2628; x_wconf 87' lang='lat' dir='ltr'>descripto</span> <span class='ocrx_word' id='word_1_203' title='bbox 1165 2548 1333 2608; x_wconf 87' lang='grc'>11111111-</span> 
     </span>
     <span class='ocr_line' id='line_1_23' title="bbox 85 2646 1332 2729; baseline 0 -21"><span class='ocrx_word' id='word_1_204' title='bbox 85 2654 92 2667; x_wconf 85' lang='grc'><em>’</em></span> <span class='ocrx_word' id='word_1_205' title='bbox 168 2651 270 2708; x_wconf 84' lang='lat' dir='ltr'>fatam</span> <span class='ocrx_word' id='word_1_206' title='bbox 305 2646 490 2728; x_wconf 85' lang='lat' dir='ltr'>contendit,</span> <span class='ocrx_word' id='word_1_207' title='bbox 524 2668 590 2709; x_wconf 89' lang='lat' dir='ltr'>non</span> <span class='ocrx_word' id='word_1_208' title='bbox 618 2651 684 2709; x_wconf 88' lang='lat' dir='ltr'>tarn</span> <span class='ocrx_word' id='word_1_209' title='bbox 715 2651 847 2729; x_wconf 87' lang='lat' dir='ltr'>propter·</span> <span class='ocrx_word' id='word_1_210' title='bbox 874 2649 920 2710; x_wconf 91' lang='grc'>111</span> <span class='ocrx_word' id='word_1_211' title='bbox 949 2647 1207 2729; x_wconf 80' lang='lat' dir='ltr'>magnitudinem</span> <span class='ocrx_word' id='word_1_212' title='bbox 1237 2668 1332 2728; x_wconf 90' lang='lat' dir='ltr'>quam</span> 
     </span>
     <span class='ocr_line' id='line_1_24' title="bbox 167 2745 1332 2830; baseline 0.001 -23"><span class='ocrx_word' id='word_1_213' title='bbox 167 2751 299 2828; x_wconf 85' lang='lat' dir='ltr'>propter</span> <span class='ocrx_word' id='word_1_214' title='bbox 321 2748 475 2828; x_wconf 87' lang='lat' dir='ltr'>temporis</span> <span class='ocrx_word' id='word_1_215' title='bbox 498 2749 665 2827; x_wconf 84' lang='lat' dir='ltr'>angustias</span> <span class='ocrx_word' id='word_1_216' title='bbox 680 2752 912 2830; x_wconf 83' lang='lat' dir='ltr'>proptereaque</span> <span class='ocrx_word' id='word_1_217' title='bbox 936 2748 978 2830; x_wconf 86' lang='lat' dir='ltr'>[id</span> <span class='ocrx_word' id='word_1_218' title='bbox 1003 2749 1088 2830; x_wconf 90' lang='lat' dir='ltr'>quod</span> <span class='ocrx_word' id='word_1_219' title='bbox 1110 2750 1144 2810; x_wconf 90' lang='lat' dir='ltr'>in</span> <span class='ocrx_word' id='word_1_220' title='bbox 1167 2745 1332 2810; x_wconf 87' lang='lat' dir='ltr'>recitando</span> 
     </span>
     <span class='ocr_line' id='line_1_25' title="bbox 167 2848 1330 2931; baseline 0 -22"><span class='ocrx_word' id='word_1_221' title='bbox 167 2848 270 2930; x_wconf 82' lang='lat' dir='ltr'>licuit]</span> <span class='ocrx_word' id='word_1_222' title='bbox 295 2849 370 2930; x_wconf 88' lang='lat' dir='ltr'>quia</span> <span class='ocrx_word' id='word_1_223' title='bbox 391 2849 565 2910; x_wconf 88' lang='lat' dir='ltr'>nonnullas</span> <span class='ocrx_word' id='word_1_224' title='bbox 580 2853 707 2910; x_wconf 89' lang='lat' dir='ltr'>tantum</span> <span class='ocrx_word' id='word_1_225' title='bbox 723 2852 830 2930; x_wconf 89' lang='lat' dir='ltr'>partes</span> <span class='ocrx_word' id='word_1_226' title='bbox 847 2849 963 2911; x_wconf 85' lang='lat' dir='ltr'>electas</span> <span class='ocrx_word' id='word_1_227' title='bbox 979 2850 1134 2931; x_wconf 82' lang='lat' dir='ltr'>recitavit,</span> <span class='ocrx_word' id='word_1_228' title='bbox 1158 2849 1330 2930; x_wconf 85' lang='lat' dir='ltr'>descripto</span> 
     </span>
     <span class='ocr_line' id='line_1_26' title="bbox 168 2947 1333 3031; baseline -0.002 -19"><span class='ocrx_word' id='word_1_229' title='bbox 168 2971 236 3012; x_wconf 91' lang='lat' dir='ltr'>eam</span> <span class='ocrx_word' id='word_1_230' title='bbox 265 2949 393 3011; x_wconf 85' lang='lat' dir='ltr'>videtur</span> <span class='ocrx_word' id='word_1_231' title='bbox 419 2949 545 3012; x_wconf 83' lang='lat' dir='ltr'>dixisse.</span> <span class='ocrx_word' id='word_1_232' title='bbox 589 2949 760 3030; x_wconf 88' lang='lat' dir='ltr'>Utcunque</span> <span class='ocrx_word' id='word_1_233' title='bbox 783 2971 833 3011; x_wconf 92' lang='lat' dir='ltr'>res</span> <span class='ocrx_word' id='word_1_234' title='bbox 857 2950 1019 3031; x_wconf 89' lang='lat' dir='ltr'>sehabet,</span> <span class='ocrx_word' id='word_1_235' title='bbox 1049 2951 1172 3011; x_wconf 87' lang='lat' dir='ltr'>sivein</span> <span class='ocrx_word' id='word_1_236' title='bbox 1195 2947 1333 3031; x_wconf 77' lang='lat' dir='ltr'>Concor-</span> 
     </span>
     <span class='ocr_line' id='line_1_27' title="bbox 168 3047 1331 3132; baseline 0.003 -23"><span class='ocrx_word' id='word_1_237' title='bbox 168 3048 238 3110; x_wconf 89' lang='lat' dir='ltr'>diae</span> <span class='ocrx_word' id='word_1_238' title='bbox 265 3049 387 3131; x_wconf 88' lang='lat' dir='ltr'>templo</span> <span class='ocrx_word' id='word_1_239' title='bbox 415 3050 481 3113; x_wconf 90' lang='lat' dir='ltr'>sive</span> <span class='ocrx_word' id='word_1_240' title='bbox 509 3051 544 3112; x_wconf 90' lang='lat' dir='ltr'>in</span> <span class='ocrx_word' id='word_1_241' title='bbox 567 3047 727 3132; x_wconf 81' lang='lat' dir='ltr'>Capitolio</span> <span class='ocrx_word' id='word_1_242' title='bbox 751 3051 872 3131; x_wconf 86' lang='lat' dir='ltr'>gratias</span> <span class='ocrx_word' id='word_1_243' title='bbox 896 3054 981 3113; x_wconf 86' lang='lat' dir='ltr'>actas</span> <span class='ocrx_word' id='word_1_244' title='bbox 1005 3071 1073 3112; x_wconf 86' lang='lat' dir='ltr'>esse</span> <span class='ocrx_word' id='word_1_245' title='bbox 1096 3071 1221 3132; x_wconf 89' lang='lat' dir='ltr'>censes,</span> <span class='ocrx_word' id='word_1_246' title='bbox 1248 3050 1331 3112; x_wconf 90' lang='grc'>1111111</span> 
     </span>
    </p>
   </div>
   <div class='ocr_carea' id='block_1_3' title="bbox 166 3251 1332 4244">
    <p class='ocr_par' dir='ltr' id='par_1_3' title="bbox 169 3251 829 3315">
     <span class='ocr_line' id='line_1_28' title="bbox 169 3251 829 3315; baseline 0.002 -1"><span class='ocrx_word' id='word_1_247' title='bbox 169 3251 314 3314; x_wconf 89' lang='lat' dir='ltr'>oratione</span> <span class='ocrx_word' id='word_1_248' title='bbox 337 3273 445 3314; x_wconf 86' lang='lat' dir='ltr'>earum</span> <span class='ocrx_word' id='word_1_249' title='bbox 468 3253 590 3315; x_wconf 88' lang='lat' dir='ltr'>mentio</span> <span class='ocrx_word' id='word_1_250' title='bbox 613 3274 680 3315; x_wconf 91' lang='lat' dir='ltr'>non</span> <span class='ocrx_word' id='word_1_251' title='bbox 702 3253 767 3315; x_wconf 89' lang='lat' dir='ltr'>fiat.</span> <span class='ocrx_word' id='word_1_252' title='bbox 791 3291 829 3299; x_wconf 85' lang='lat'><em>-</em></span> 
     </span>
    </p>

    <p class='ocr_par' dir='ltr' id='par_1_4' title="bbox 166 3352 1332 4244">
     <span class='ocr_line' id='line_1_29' title="bbox 254 3352 1330 3435; baseline 0.001 -21"><span class='ocrx_word' id='word_1_253' title='bbox 254 3352 377 3426; x_wconf 76' lang='lat' dir='ltr'>Quibus</span> <span class='ocrx_word' id='word_1_254' title='bbox 406 3354 559 3435; x_wconf 84' lang='lat' dir='ltr'>expositis</span> <span class='ocrx_word' id='word_1_255' title='bbox 587 3352 673 3415; x_wconf 91' lang='lat' dir='ltr'>unde</span> <span class='ocrx_word' id='word_1_256' title='bbox 707 3354 810 3416; x_wconf 86' lang='lat' dir='ltr'>exorsi</span> <span class='ocrx_word' id='word_1_257' title='bbox 846 3375 908 3435; x_wconf 92' lang='lat' dir='ltr'>quo</span> <span class='ocrx_word' id='word_1_258' title='bbox 937 3353 1190 3434; x_wconf 89' lang='lat' dir='ltr'>pervenerimus,</span> <span class='ocrx_word' id='word_1_259' title='bbox 1220 3353 1330 3434; x_wconf 88' lang='lat' dir='ltr'>paucis</span> 
     </span>
     <span class='ocr_line' id='line_1_30' title="bbox 168 3451 1330 3536; baseline 0.001 -23"><span class='ocrx_word' id='word_1_260' title='bbox 168 3451 485 3534; x_wconf 84' lang='lat' dir='ltr'>comprehendamus.</span> <span class='ocrx_word' id='word_1_261' title='bbox 529 3452 672 3516; x_wconf 90' lang='lat' dir='ltr'>Primum</span> <span class='ocrx_word' id='word_1_262' title='bbox 696 3454 904 3536; x_wconf 84' lang='lat' dir='ltr'>epistularum</span> <span class='ocrx_word' id='word_1_263' title='bbox 927 3458 959 3517; x_wconf 88' lang='lat' dir='ltr'>et</span> <span class='ocrx_word' id='word_1_264' title='bbox 981 3451 1083 3516; x_wconf 80' lang='lat' dir='ltr'>Cassii</span> <span class='ocrx_word' id='word_1_265' title='bbox 1107 3452 1220 3515; x_wconf 89' lang='lat' dir='ltr'>Dionis</span> <span class='ocrx_word' id='word_1_266' title='bbox 1243 3454 1330 3515; x_wconf 90' lang='lat' dir='ltr'>locos</span> 
     </span>
     <span class='ocr_line' id='line_1_31' title="bbox 168 3552 1332 3637; baseline 0.002 -24"><span class='ocrx_word' id='word_1_267' title='bbox 168 3553 293 3632; x_wconf 90' lang='lat' dir='ltr'>eosqui</span> <span class='ocrx_word' id='word_1_268' title='bbox 312 3558 388 3616; x_wconf 91' lang='lat' dir='ltr'>sunt</span> <span class='ocrx_word' id='word_1_269' title='bbox 410 3553 450 3617; x_wconf 89' lang='lat' dir='ltr'>de</span> <span class='ocrx_word' id='word_1_270' title='bbox 471 3553 578 3616; x_wconf 91' lang='lat' dir='ltr'>reditu</span> <span class='ocrx_word' id='word_1_271' title='bbox 594 3553 758 3618; x_wconf 79' lang='lat' dir='ltr'>Ciceronis</span> <span class='ocrx_word' id='word_1_272' title='bbox 781 3559 814 3618; x_wconf 89' lang='lat' dir='ltr'>et</span> <span class='ocrx_word' id='word_1_273' title='bbox 836 3578 930 3637; x_wconf 90' lang='lat' dir='ltr'>quam</span> <span class='ocrx_word' id='word_1_274' title='bbox 952 3556 1038 3617; x_wconf 83' lang='lat' dir='ltr'>inter</span> <span class='ocrx_word' id='word_1_275' title='bbox 1060 3575 1128 3616; x_wconf 89' lang='grc'>1111</span> <span class='ocrx_word' id='word_1_276' title='bbox 1151 3552 1332 3635; x_wconf 85' lang='lat' dir='ltr'>discrepent</span> 
     </span>
     <span class='ocr_line' id='line_1_32' title="bbox 168 3652 1329 3738; baseline 0.001 -24"><span class='ocrx_word' id='word_1_277' title='bbox 168 3654 200 3714; x_wconf 90' lang='grc'>11</span> <span class='ocrx_word' id='word_1_278' title='bbox 230 3652 306 3732; x_wconf 87' lang='lat' dir='ltr'>quid</span> <span class='ocrx_word' id='word_1_279' title='bbox 339 3653 379 3715; x_wconf 90' lang='lat' dir='ltr'>ad</span> <span class='ocrx_word' id='word_1_280' title='bbox 407 3676 475 3716; x_wconf 91' lang='lat' dir='ltr'>rem</span> <span class='ocrx_word' id='word_1_281' title='bbox 504 3654 624 3717; x_wconf 88' lang='lat' dir='ltr'>faciant</span> <span class='ocrx_word' id='word_1_282' title='bbox 652 3657 829 3719; x_wconf 88' lang='lat' dir='ltr'>accuratius</span> <span class='ocrx_word' id='word_1_283' title='bbox 862 3655 1083 3738; x_wconf 89' lang='lat' dir='ltr'>interpretati,</span> <span class='ocrx_word' id='word_1_284' title='bbox 1123 3655 1256 3716; x_wconf 89' lang='lat' dir='ltr'>alteram</span> <span class='ocrx_word' id='word_1_285' title='bbox 1290 3653 1329 3717; x_wconf 90' lang='lat' dir='ltr'>ad</span> 
     </span>
     <span class='ocr_line' id='line_1_33' title="bbox 167 3751 1330 3838; baseline 0.003 -23"><span class='ocrx_word' id='word_1_286' title='bbox 167 3751 350 3826; x_wconf 77' lang='lat' dir='ltr'>Quirites</span> <span class='ocrx_word' id='word_1_287' title='bbox 386 3757 564 3818; x_wconf 90' lang='lat' dir='ltr'>orationem</span> <span class='ocrx_word' id='word_1_288' title='bbox 607 3756 785 3819; x_wconf 88' lang='lat' dir='ltr'>habitam</span> <span class='ocrx_word' id='word_1_289' title='bbox 817 3779 895 3820; x_wconf 92' lang='lat' dir='ltr'>non</span> <span class='ocrx_word' id='word_1_290' title='bbox 934 3756 1061 3820; x_wconf 88' lang='lat' dir='ltr'>videri</span> <span class='ocrx_word' id='word_1_291' title='bbox 1099 3759 1330 3838; x_wconf 86' lang='lat' dir='ltr'>proptereaque</span> 
     </span>
     <span class='ocr_line' id='line_1_34' title="bbox 166 3854 1330 3940; baseline 0.002 -25"><span class='ocrx_word' id='word_1_292' title='bbox 166 3854 438 3936; x_wconf 85' lang='lat' dir='ltr'>suspectissimam</span> <span class='ocrx_word' id='word_1_293' title='bbox 452 3877 521 3918; x_wconf 90' lang='lat' dir='ltr'>esse</span> <span class='ocrx_word' id='word_1_294' title='bbox 536 3857 762 3940; x_wconf 74' lang='lat' dir='ltr'>indicavimus,</span> <span class='ocrx_word' id='word_1_295' title='bbox 776 3858 840 3921; x_wconf 89' lang='lat' dir='ltr'>sed</span> <span class='ocrx_word' id='word_1_296' title='bbox 854 3860 886 3920; x_wconf 93' lang='lat' dir='ltr'>si</span> <span class='ocrx_word' id='word_1_297' title='bbox 902 3860 945 3920; x_wconf 89' lang='lat' dir='ltr'>in</span> <span class='ocrx_word' id='word_1_298' title='bbox 959 3859 1106 3920; x_wconf 89' lang='lat' dir='ltr'>itinere</span> <span class='ocrx_word' id='word_1_299' title='bbox 1121 3878 1197 3919; x_wconf 89' lang='lat' dir='ltr'>eam</span> <span class='ocrx_word' id='word_1_300' title='bbox 1215 3856 1290 3918; x_wconf 89' lang='lat' dir='ltr'>scri</span> <span class='ocrx_word' id='word_1_301' title='bbox 1296 3878 1330 3937; x_wconf 90' lang='lat' dir='ltr'>p·</span> 
     </span>
     <span class='ocr_line' id='line_1_35' title="bbox 166 3956 1330 4040; baseline 0.002 -24"><span class='ocrx_word' id='word_1_302' title='bbox 166 3958 246 4017; x_wconf 94' lang='lat' dir='ltr'>tam</span> <span class='ocrx_word' id='word_1_303' title='bbox 275 3976 360 4018; x_wconf 89' lang='lat' dir='ltr'>esso</span> <span class='ocrx_word' id='word_1_304' title='bbox 391 3956 579 4040; x_wconf 90' lang='lat' dir='ltr'>credideris,</span> <span class='ocrx_word' id='word_1_305' title='bbox 608 3960 635 4020; x_wconf 90' lang='lat' dir='ltr'>si</span> <span class='ocrx_word' id='word_1_306' title='bbox 663 3981 731 4022; x_wconf 90' lang='lat' dir='ltr'>non</span> <span class='ocrx_word' id='word_1_307' title='bbox 760 3981 892 4023; x_wconf 88' lang='lat' dir='ltr'>omnes</span> <span class='ocrx_word' id='word_1_308' title='bbox 923 3962 962 4020; x_wconf 92' lang='lat' dir='ltr'>at</span> <span class='ocrx_word' id='word_1_309' title='bbox 983 3959 1176 4040; x_wconf 89' lang='lat' dir='ltr'>plurimas</span> <span class='ocrx_word' id='word_1_310' title='bbox 1199 3959 1330 4018; x_wconf 90' lang='lat' dir='ltr'>tamen</span> 
     </span>
     <span class='ocr_line' id='line_1_36' title="bbox 168 4053 1330 4142; baseline 0.004 -26"><span class='ocrx_word' id='word_1_311' title='bbox 168 4053 446 4120; x_wconf 84' lang='lat' dir='ltr'>difficultates</span> <span class='ocrx_word' id='word_1_312' title='bbox 469 4061 674 4126; x_wconf 87' lang='lat' dir='ltr'>removeri.</span> <span class='ocrx_word' id='word_1_313' title='bbox 712 4060 853 4142; x_wconf 90' lang='lat' dir='ltr'>Deinde,</span> <span class='ocrx_word' id='word_1_314' title='bbox 883 4082 946 4142; x_wconf 92' lang='lat' dir='ltr'>quo</span> <span class='ocrx_word' id='word_1_315' title='bbox 969 4060 1039 4122; x_wconf 91' lang='lat' dir='ltr'>loco</span> <span class='ocrx_word' id='word_1_316' title='bbox 1062 4079 1164 4141; x_wconf 88' lang='lat' dir='ltr'>quove</span> <span class='ocrx_word' id='word_1_317' title='bbox 1185 4060 1330 4140; x_wconf 87' lang='lat' dir='ltr'>tempore</span> 
     </span>
     <span class='ocr_line' id='line_1_37' title="bbox 167 4154 1059 4244; baseline 0.012 -28"><span class='ocrx_word' id='word_1_318' title='bbox 167 4157 322 4219; x_wconf 88' lang='lat' dir='ltr'>senatui</span> <span class='ocrx_word' id='word_1_319' title='bbox 347 4154 457 4220; x_wconf 71' lang='lat' dir='ltr'>Cicero</span> <span class='ocrx_word' id='word_1_320' title='bbox 480 4158 601 4240; x_wconf 83' lang='lat' dir='ltr'>gratias</span> <span class='ocrx_word' id='word_1_321' title='bbox 625 4162 736 4244; x_wconf 87' lang='lat' dir='ltr'>egerit,</span> <span class='ocrx_word' id='word_1_322' title='bbox 761 4160 1059 4227; x_wconf 76' lang='lat' dir='ltr'>domonstravimus,</span> 
     </span>
    </p>
   </div>
   <div class='ocr_carea' id='block_1_4' title="bbox 165 4258 367 4269">
    <p class='ocr_par' dir='ltr' id='par_1_5' title="bbox 165 4258 367 4269">
     <span class='ocr_line' id='line_1_38' title="bbox 165 4258 367 4269; baseline 0.005 -3"><span class='ocrx_word' id='word_1_323' title='bbox 165 4258 367 4269; x_wconf 78' lang='lat'><em>-—-—..—</em></span> 
     </span>
    </p>
   </div>
   <div class='ocr_carea' id='block_1_5' title="bbox 234 4291 595 4359">
    <p class='ocr_par' dir='ltr' id='par_1_6' title="bbox 234 4291 595 4359">
     <span class='ocr_line' id='line_1_39' title="bbox 234 4291 595 4359; baseline 0.014 -17"><span class='ocrx_word' id='word_1_324' title='bbox 234 4291 249 4322; x_wconf 84' lang='grc'>*</span> <span class='ocrx_word' id='word_1_325' title='bbox 267 4306 317 4357; x_wconf 88' lang='lat' dir='ltr'>pro</span> <span class='ocrx_word' id='word_1_326' title='bbox 335 4291 427 4344; x_wconf 87' lang='lat' dir='ltr'>Plano.</span> <span class='ocrx_word' id='word_1_327' title='bbox 447 4291 538 4359; x_wconf 85' lang='lat' dir='ltr'>XXX,</span> <span class='ocrx_word' id='word_1_328' title='bbox 557 4298 595 4347; x_wconf 81' lang='grc'>74.</span> 
     </span>
    </p>
   </div>
   <div class='ocr_carea' id='block_1_6' title="bbox 595 4399 898 4408">
    <p class='ocr_par' dir='ltr' id='par_1_7' title="bbox 595 4399 898 4408">
     <span class='ocr_line' id='line_1_40' title="bbox 595 4399 898 4408; baseline 0.003 -1"><span class='ocrx_word' id='word_1_329' title='bbox 595 4399 898 4408; x_wconf 48' lang='lat' dir='ltr'>——u-——nn—</span> 
     </span>
    </p>
   </div>
   <div class='ocr_carea' id='block_1_7' title="bbox 0 0 1520 4754">
    <p class='ocr_par' dir='ltr' id='par_1_8' title="bbox 0 0 1520 4754">
     <span class='ocr_line' id='line_1_41' title="bbox 0 0 1520 4754; baseline 0 0"><span class='ocrx_word' id='word_1_330' title='bbox 0 0 1520 4754; x_wconf 95' lang='lat' dir='ltr'> </span> 
     </span>
    </p>
   </div>
  </div>
 </body>
</html>
