3030 4754
665 290 851 352 ,6-

174 459 309 522 recitato
339 459 531 521 continuo
559 477 679 536 more,
709 457 795 539 quod
820 456 897 538 quid
926 455 988 519 sibi
1010 456 1103 533 velit,
1134 457 1245 538 utique
1267 477 1337 520 nes-

174 559 271 641 citur;
311 559 435 621 omittit
466 559 567 639 igitur
599 560 792 622 continuo
823 557 976 638 additque
1015 577 1098 619 oum
1137 558 1238 621 altera
1273 558 1339 620 Me-

175 658 256 722 dicei
288 658 406 723 codicis
446 681 569 724 manus.
616 660 762 741 Itemque
795 680 855 721 nos
888 679 1013 740 quoque
1038 657 1120 721 illud
1147 658 1357 722 continuo

174 781 286 823 causae
321 759 453 823 obstant
486 762 704 842 gravissumae
732 760 903 842 quominus
932 759 1135 823 retineamus.
1180 758 1339 834 Quorsum

173 859 207 922 id
250 860 382 924 tandem
424 861 592 944 pertinet?
630 860 762 927 Etenim
805 861 872 922 sive
910 860 959 922 ita
998 861 1138 924 conectis
1176 861 1340 923 contiuo

173 960 294 1026 habui
316 963 563 1042 contionem,
587 982 855 1045 supervacaneum
877 957 988 1023 Cicero
1017 960 1078 1024 hoc
1103 960 1231 1024 videtur
1258 964 1341 1023 attu-

173 1063 250 1126 lisse
277 1067 462 1145 propterea,
493 1045 595 1144 quod,
627 1062 655 1126 si
683 1061 797 1126 habuit
819 1062 1014 1142 contionem,
1038 1060 1167 1141 habuit,
1197 1062 1229 1124 id
1253 1061 1339 1143 quod

174 1163 268 1225 aliter
290 1164 422 1225 omnino
444 1162 516 1226 fieri
537 1183 604 1225 non
625 1163 746 1245 potuit,
775 1161 885 1223 statim
908 1164 982 1243 post
1004 1164 1134 1224 senatus
1157 1163 1339 1225 consultum

173 1263 358 1345 recitatum3
382 1265 449 1326 sive
470 1264 664 1326 continuo
687 1283 769 1325 cum
792 1262 905 1324 scribis
927 1264 960 1324 et
981 1262 1147 1343 intellegis
1169 1262 1255 1325 idem
1271 1283 1340 1326 esse

174 1366 270 1445 atque
304 1384 384 1426 cum
413 1363 595 1445 primum,
626 1361 805 1437 simulac,
834 1382 938 1443 neque
966 1383 1083 1426 munus
1109 1363 1209 1444 friget
1236 1365 1339 1426 oratio

174 1468 207 1528 et
235 1463 445 1527 indicativum
475 1462 609 1546 perfecti
637 1463 829 1525 continuo
863 1482 947 1524 eum
976 1461 1173 1526 dederunt
1199 1465 1341 1546 postula·

173 1565 250 1646 rim3
285 1565 352 1628 sive
387 1563 525 1645 denique
559 1562 915 1627 senatusconsulto
950 1562 1121 1639 recitato
1150 1565 1339 1627 continuo

173 1665 315 1749 praefers
343 1668 399 1729 aut
426 1664 618 1727 adiectivum
653 1663 687 1726 id
722 1685 791 1727 esse
828 1653 884 1726 aut
917 1662 1103 1726 adverbium
1133 1665 1339 1749 existumans,

173 1759 343 1829 verborum
366 1768 399 1828 et
420 1765 498 1829 ordo
521 1767 554 1828 et
579 1767 741 1828 structura
761 1786 821 1828 nos
844 1763 979 1827 offendit
1007 1767 1044 1826 ut
1071 1785 1166 1845 quam
1193 1767 1338 1829 maxime.

175 1868 266 1946 Quae
307 1887 378 1930 cum
410 1867 457 1929 ita
501 1866 585 1944 sint,
627 1864 757 1929 aliunde
795 1866 933 1928 fortasse
972 1863 1130 1928 medicina
1167 1870 1217 1930 'est
1247 1887 1341 1948 quae-

173 1966 290 2047 renda,
330 1967 600 2050 respiciamusque
640 1967 737 2030 etiam
774 1968 872 2030 verba
911 1966 1057 2049 proxima
1094 1967 1261 2031 nonnullis
1295 1967 1339 2030 la·

175 2068 289 2131 borare
327 2066 549 2130 incommodis.
604 2065 755 2130 Subiecto
791 2067 877 2129 enim
914 2070 1000 2129 caret
1033 2067 1115 2130 illud
1144 2067 1339 2148 dedisset,

175 2168 301 2231 obiecto
331 2171 418 2231 caret
445 2167 477 2230 id
506 2166 591 2249 quod
615 2167 710 2250 paulo
733 2166 833 2230 infra:
856 2166 1060 2232 dederunt.
1106 2167 1219 2250 ltaque
1248 2172 1285 2232 ut
1307 2170 1340 2231 et

175 2267 338 2331 obiectum
360 2268 416 2332 ad:
441 2267 636 2332 dederunt
663 2269 808 2331 afferrem
838 2270 871 2330 et
897 2270 934 2330 ut
964 2290 1160 2333 removerem
1192 2268 1339 2332 odiosum

175 2367 272 2431 illud:
301 2371 507 2448 continuo,
542 2368 648 2433 deleto
674 2368 792 2433 habui
821 2369 987 2438 vocabulo,
1020 2369 1183 2451 quondam
1210 2371 1339 2452 scripsi:

176 2470 643 2549 contionem-dederunt,
674 2473 706 2533 et
733 2490 808 2553 pro:
838 2473 1033 2533 continuo
1067 2491 1151 2533 oum
1178 2471 1339 2533 conieci*:

176 2571 433 2634 contionatus
462 2591 544 2633 sum
573 2591 667 2632 cum.
713 2568 775 2633 Sed
804 2590 875 2632 cum
898 2590 977 2650 quae
1003 2571 1104 2632 altera
1125 2570 1161 2632 in
1182 2570 1247 2633 illis
1273 2591 1341 2633 ver·

174 2669 225 2733 bis
260 2674 328 2733 erat
355 2672 493 2734 maxima
521 2670 695 2734 difficultas
724 2669 834 2734 deesse
862 2670 958 2734 nobis
986 2671 1025 2733 ad
1059 2670 1239 2735 dedisset
1266 2670 1339 2733 sub-

175 2771 309 2848 iectum,
343 2771 376 2834 id
412 2771 498 2853 quod
529 2793 633 2854 neque
666 2775 829 2836 senatus
864 2792 969 2853 neque
1001 2771 1223 2835 multitudo
1251 2771 1340 2835 credi

176 2893 245 2936 esse
266 2873 386 2954 possit,
414 2894 546 2955 prorsus
569 2895 636 2936 uon
659 2873 702 2936 sit
724 2872 865 2940 sublata,
898 2871 1074 2934 verendum
1100 2876 1165 2948 est,
1193 2894 1235 2936 ne
1264 2873 1341 2936 arti·

175 2972 314 3036 ficiosius
354 2973 519 3037 videamur
559 2995 654 3055 quam
688 2975 750 3036 arti
783 2973 910 3036 criticae
945 2973 1187 3037 convenientius
1223 2974 1339 3056 egisse,

176 3094 272 3155 quae,
302 3093 373 3136 cum
400 3064 533 3137 verbum
561 3074 656 3138 nobis
685 3071 784 3152 desit,
813 3073 909 3156 paulo
932 3077 1039 3137 autem
1060 3077 1136 3138 ante
1159 3074 1341 3157 corruptela

175 3174 218 3236 sit
246 3173 385 3255 detecta,
414 3175 460 3238 ibi
488 3176 633 3258 postulat
661 3178 698 3238 ut
726 3175 857 3238 verbum
882 3175 1104 3257 investigetur.
1148 3173 1219 3250 Qua
1247 3175 1291 3238 in·
1305 3197 1340 3238 re

176 3271 369 3355 Cratander,
398 3277 457 3339 etsi
483 3297 637 3359 perquam
668 3276 769 3339 multa
796 3279 916 3339 temere
944 3276 1137 3339 immutabat
1168 3275 1341 3358 interpola·

177 3376 304 3457 batque,
326 3376 470 3458 perbono
493 3379 602 3440 tamen
620 3377 675 3440 sed
692 3399 754 3460 quo
776 3398 890 3460 peraro
913 3379 998 3440 recte
1019 3380 1164 3440 uteretur
1186 3379 1340 3459 apparatu

177 3476 287 3538 critico
302 3477 479 3541 instructus
494 3479 560 3541 veri
575 3478 729 3560 patefecit
749 3479 834 3541 viam
856 3478 917 3541 hoo
938 3478 973 3540 in
995 3477 1135 3541 medium
1157 3477 1339 3560 proferens:

177 3597 260 3639 eum
290 3579 451 3660 populus
480 3600 594 3646 more.
640 3578 723 3654 Quid
751 3580 793 3643 sit
820 3600 946 3649 verum,
978 3599 1049 3642 acre
1076 3578 1215 3642 Manutii
1244 3579 1340 3642 evicit

173 3676 329 3759 judicium
367 3681 550 3744 coniectura
584 3680 737 3744 facillima
766 3700 901 3762 cumque
938 3678 1143 3743 difficultates
1178 3681 1341 3742 removeat

177 3850 380 3859 *—

264 3951 278 3983 *
296 3947 356 4012 Quo
369 3949 479 4001 senatus
497 3947 623 4002 consulto
642 3944 758 4001 recitato
776 3946 994 4001 contionatus
1012 3965 1096 4013 sum,
1114 3964 1177 4000 cum
1195 3962 1270 3999 more
1288 3946 1341 3998 hoc

177 4032 282 4086 insulso
305 4033 333 4085 et
355 4049 426 4086 novo
448 4033 577 4100 plausum
598 4030 628 4085 in
645 4048 708 4085 meo
725 4032 837 4085 nomine
855 4031 997 4086 recitando
1015 4031 1164 4088 dedissent.
1201 4029 1340 4084 Contio-

178 4134 251 4170 nem
273 4133 366 4170 0mnes
384 4116 759 4184 magistratus-dederunt.
796 4115 938 4183 (Goelerus
956 4116 992 4170 ad
1009 4117 1037 4175 b.
1055 4122 1080 4170 9.
1097 4114 1159 4173 Vll.
1179 4120 1225 4180 47,
1248 4121 1271 4169 2.
1289 4131 1341 4182 pro

179 4198 396 4253 contionatus
414 4199 509 4253 scribit
526 4201 706 4266 continuo.)
