3030 4754
704 333 912 396 -30.„

222 504 338 565 itinere
368 501 394 564 si
418 501 537 583 scripta
560 501 664 563 oratio
688 505 737 563 est
758 502 824 580 illa,
849 502 936 564 nihil
956 501 994 564 de
1018 501 1129 564 diebus
1153 507 1227 586 post
1248 503 1388 566 reditum

221 605 263 665 in·
283 625 319 664 ea
340 606 449 684 potest
467 603 614 666 inveniri.
661 599 723 665 Sed
747 604 876 665 maioris
900 606 1055 666 momenti
1083 607 1132 666 est
1154 604 1215 667 hoo
1243 608 1289 688 (p.
1315 606 1387 687 m:

183 712 193 721 ”
221 704 260 767 11
289 708 309 784 ξ
340 704 359 766 6
391 705 446 766 der
469 703 557 766 Reda
587 725 629 765 an
657 703 708 765 die
730 703 905 766 Pontifices
929 704 1152 786 entschuldigt
1175 705 1242 767 11111
1265 703 1387 788 Cicera,

224 805 296 866 dass
320 827 354 868 er
376 826 417 866 an
441 804 512 866 dem
536 804 751 868 stiirmischen
774 805 845 887 Tag
867 805 950 869 noch
973 807 1009 868 in
1031 805 1094 867 den
1118 804 1217 868 Sonat
1239 806 1323 868 kam.
1349 842 1386 852 -

223 905 332 968 Wenn
362 927 395 969 es
419 904 999 988 11111Ε11111111111ίς1111111111111,
1024 905 1096 968 dass
1121 928 1155 969 11
1176 906 1266 988 kam,
1297 907 1387 969 111111

219 1007 311 1070 nicht
333 1005 543 1078 dervberedte
560 1005 716 1087 Sprecher
738 1007 785 1069 als
808 1007 1027 1089 Hauptgrund
1050 1008 1154 1070 seines
1170 989 1387 1070 Erscheinens

221 1108 266 1170 im
296 1105 395 1170 Senat
423 1106 475 1169 die
504 1107 601 1188 lange
631 1107 789 1189 gentihrte
821 1107 1005 1171 Sehnsucht
1032 1107 1114 1170 nach
1143 1108 1388 1186 solimerzvoller

219 1207 449 1271 Abwesenheit
469 1207 588 1270 wieder
611 1209 727 1271 einmal
750 1231 791 1271 an
814 1207 876 1271 den
898 1208 1130 1290 Berathungen
1153 1210 1209 1271 der
1229 1208 1388 1271 hbclisten

219 1309 470 1390 Versammlung
487 1309 581 1372 Theil
604 1332 643 1371 au
658 1309 796 1373 nehmen
819 1309 885 1371 und
909 1309 971 1371 den
987 1309 1101 1392 Drang
1123 1311 1228 1372 seines
1245 1309 1387 1372 Heraens

221 1410 284 1473 den
300 1410 425 1473 Vatern
441 1410 553 1473 seinen
570 1409 664 1472 Danlr
686 1410 739 1472 fiir
761 1409 830 1473 ihre
846 1409 1081 1492 Bemiihungen
1103 1432 1158 1472 um
1181 1410 1387 1473 1111111111(-

219 1511 301 1574 kehr
323 1510 596 1593 auszuspreolren,
625 1510 801 1574 hinstellen
832 1511 982 1574 mussan?
1011 1511 1173 1574 Nimirum
1201 1533 1252 1574 res
1280 1512 1328 1573 ita
1351 1531 1385 1573 se

219 1612 333 1692 habet,
362 1616 400 1674 ut
427 1613 507 1674 certi
536 1611 658 1693 aliquid
687 1613 799 1674 afferre
828 1611 960 1674 difficile
984 1613 1036 1674 111.
1081 1610 1145 1674 Sed
1168 1612 1245 1676 haec
1268 1633 1386 1694 quaeso

219 1713 385 1795 respicias:
409 1712 493 1776 Non.
516 1709 603 1794 Sept.
626 1713 661 1774 in
684 1716 797 1775 senatu
820 1713 874 1794 qui
897 1716 967 1774 erat
988 1714 1022 1774 in
1046 1709 1207 1794 Capitolio
1231 1697 1311 1796 quos
1334 1711 1387 1774 ad-

220 1814 319 1876 fuisse
341 1813 493 1896 putabis?
523 1812 599 1876 Sine
622 1812 720 1876 dubio
743 1834 864 1890 omnes,
893 1815 1074 1895 quicunque
1097 1812 1256 1896 Pompei
1278 1816 1387 1897 partes

219 1916 445 1997 sequebantur.
484 1911 747 1995 Consulares,
778 1914 898 1996 quoin
925 1935 1059 1977 numero
1081 1915 1231 1977 nonnulli
1253 1915 1387 1996 ponti·

220 2017 344 2099 lices,
374 2020 407 2080 et
437 2015 567 2097 plurimi
596 2015 768 2096 optimates
801 2016 839 2077 de
866 2016 923 2077 illa
951 2035 1099 2078 annonae
1127 2037 1202 2078 cura
1232 2014 1386 2097 Pompeio

152 2118 157 2130 ‘
219 2116 401 2179 mandanda
433 2115 615 2178 fremebant
647 2119 744 2197 atque
771 2138 837 2178 non
866 2120 931 2178 tam
967 2119 1099 2198 propter
1137 2119 1258 2178 metum
1292 2137 1387 2198 quam
1444 2156 1447 2161 ·

218 2217 424 2281 adversantes
446 2218 683 2296 irascentesquc
704 2215 857 2298 Pompeio
873 2217 907 2278 in
923 2217 1015 2279 illum
1038 2219 1183 2278 senatum
1206 2237 1274 2279 non
1295 2237 1387 2278 vene-

219 2322 303 2380 rant.
353 2318 426 2381 Iure
455 2320 557 2400 igitur
586 2315 718 2380 Clodius
746 2319 781 2379 in
805 2316 991 2381 Ciceronem
1021 2316 1198 2380 invehitur:
1231 2315 1287 2378 Tu
1310 2316 1386 2380 illo

219 2420 283 2483 die
311 2421 353 2481 in
382 2423 565 2481 senatum
593 2419 731 2482 venire
758 2441 834 2482 non
858 2417 1046 2482 debuisti.
1092 2418 1212 2481 Debuit
1234 2417 1387 2480 abessen

221 2523 344 2597 senatu,
367 2542 435 2583 non
458 2522 533 2600 quia
555 2523 685 2582 1111111
708 2519 862 2582 indicium
883 2519 1020 2580 liberum
1042 2519 1202 2599 nonfuit,
1233 2517 1287 2581 sed
1312 2519 1387 2599 quia

219 2623 246 2683 si
275 2623 382 2704 venit,
412 2621 614 2702 optimatium
642 2619 807 2681 offendens
836 2621 959 2681 animos
983 2618 1043 2698 (ll,
1073 2619 1109 2702 3)
1137 2639 1203 2681 non
1225 2619 1386 2681 bonorum
1442 2626 1446 2630 ’

219 2723 334 2785 civium
347 2721 401 2785 sed
413 2720 544 2803 Pompei
561 2720 831 2783 studiosissimum
848 2743 882 2783 se
898 2742 966 2782 esse
979 2720 1130 2788 ostendit.
1158 2719 1260 2794 Quam
1275 2720 1384 2802 inepte

219 2825 253 2885 in
266 2844 389 2904 eaquae
401 2822 496 2885 estde
504 2821 599 2885 domo
609 2822 755 2884 oratione
763 2823 888 2884 locutus
897 2824 980 2883 esset
991 2819 1101 2882 Cicero
1109 2821 1194 2901 apud
1204 2820 1385 2903 pontifices,

219 2924 245 2985 si
259 2923 393 2986 dixisset
416 2923 575 2986 desiderio
592 2921 731 3004 quodam
754 2943 822 2984 sese
845 2921 963 2983 elatum
979 2919 1063 2985 Non.
1079 2918 1166 3003 Sept.
1188 2921 1222 2982 in
1237 2923 1384 2982 senatum

219 3025 255 3103 (i.
273 3046 298 3086 e.
315 3024 355 3085 ad
372 3025 598 3107 Pompeianos,
614 3021 669 3104 qui
688 3023 749 3084 soli
771 3021 918 3102 aderant)
931 3023 1073 3084 venisse!
1098 3020 1200 3095 Quam
1213 3020 1385 3084 ridiculum

217 3124 333 3188 fuisset
346 3122 531 3187 Ciceronem
550 3124 672 3205 gratias
692 3125 778 3185 actas
796 3143 1052 3186 commemorare.
1077 3121 1277 3196 Quibusnam
1292 3126 1385 3186 erant

218 3231 307 3288 actae
323 3226 395 3306 nisi,
412 3246 483 3288 cum
495 3245 596 3306 paene
612 3245 723 3287 omnes
738 3224 896 3302 abessent,
913 3224 1079 3306 perpaucis
1093 3223 1195 3304 iisque
1209 3244 1279 3284 cum
1292 3221 1384 3284 Pom·

219 3328 292 3409 peio
322 3325 536 3390 facientibus?
566 3324 689 3399 Quibus
720 3325 759 3386 de
787 3325 888 3387 causis
916 3326 1038 3407 gratias
1060 3327 1146 3386 actas
1169 3344 1300 3405 prorsus
1322 3323 1384 3384 dis·
1477 3336 1482 3340 “

219 3428 358 3506 simulat,
383 3430 415 3488 et
436 3448 538 3509 paene
560 3429 704 3488 coactum
726 3426 853 3489 venisse
876 3447 944 3488 sese
966 3426 1000 3488 in
1023 3428 1170 3486 senatum
1192 3424 1277 3487 haud
1299 3427 1384 3488 tecte

219 3527 397 3610 significat:
427 3527 482 3611 (cf.
506 3526 570 3607 ΠΙ,
602 3527 636 3589 6:
668 3547 729 3609 ego
757 3549 832 3590 vero
862 3548 995 3608 neque
1023 3526 1114 3589 veni
1141 3529 1174 3587 et
1204 3525 1299 3588 domo
1326 3547 1383 3589 me
1457 3518 1460 3522 ⁵

218 3631 347 3711 tenui3
382 3630 416 3691 7:
451 3650 523 3690 cum
551 3628 697 3690 consules
726 3649 782 3690 me
810 3630 1078 3706 arcesserent,
1107 3646 1178 3688 cum
1207 3626 1382 3690 multitudo

218 3731 334 3793 civium
350 3751 406 3792 me
427 3729 665 3792 nominatim
680 3732 883 3797 vocarent,
901 3728 957 3792 Vl.
977 3728 1025 3794 15.
1048 3748 1067 3789 a
1093 3730 1213 3810 populo
1236 3729 1382 3792 Romano
1412 3717 1414 3720 ⁵

217 3832 367 3893 universo
395 3830 429 3893 in
458 3833 604 3894 senatum
631 3830 868 3892 nominatim
893 3829 1077 3911 vocabar,
1107 3833 1140 3890 et
1160 3830 1299 3910 plurima
1320 3829 1384 3891 alia

218 3953 299 4013 quae
326 3933 462 4013 longum
490 3934 538 3995 est
567 3931 703 4013 afferre.)
748 3930 836 4005 Quae
863 3951 933 3992 cum
957 3930 1004 3992 ita
1025 3931 1103 4006 sint,
1133 3930 1275 3992 noluisse
1297 3930 1382 4012 apud

218 4033 388 4115 pontifices
411 4032 502 4094 illum
525 4033 560 4094 in
583 4053 721 4114 eaquae
745 4036 795 4094 est
817 4031 855 4094 de
878 4031 973 4094 domo
996 4032 1142 4094 oratione
1157 4031 1279 4113 gratias
1295 4034 1382 4095 actas
1463 4096 1470 4108 ,

217 4153 465 4196 commemorare
486 4133 562 4196 licet
584 4135 747 4215 suspicari.

305 4233 397 4308 Quod
413 4237 639 4317 argumentum
655 4235 682 4296 si
698 4255 756 4296 acu
771 4231 896 4322 cuidam
919 4233 1118 4297 enucleatum
1142 4255 1210 4296 esse
1225 4234 1381 4316 videatur,
