3030 4754
656 303 947 414 -25..'

174 522 248 584 stat.
292 519 328 582 Id
353 541 424 582 cum
451 519 514 580 iam
543 518 776 600 antiquissimis
805 516 1004 599 temporibus
1031 515 1168 580 fortasse
1196 515 1339 580 animad-

176 644 301 685 versum
317 604 416 697 esset,
433 620 689 683 sacrationis
706 619 753 683 ad
769 618 950 694 Quirites
966 638 1056 699 pars
1073 617 1341 682 ubiderefru-

174 723 373 784 mentaria
391 723 517 784 actum
544 724 618 800 cst,
646 719 781 783 deleta
804 720 1070 782 videturesse
1090 720 1339 802 maiorisque

175 824 354 886 ambitus
377 823 593 885 exstitisse
609 822 761 903 lacuna,
786 843 880 903 quam
898 841 992 902 quem
1008 819 1048 882 ad
1064 819 1195 882 modum
1211 821 1341 883 invene·

116 988 120 996 ,
174 925 253 1002 rim,
276 923 385 1007 paucis
402 926 451 986 est
467 922 699 1004 explicandum.
743 922 875 985 Etenim
891 943 961 985 cum
976 918 1213 1003 paragraphum
1229 920 1341 984 XVIII

174 1026 389 1107 perlegerem,
413 1024 683 1087 accuratissimam
712 1025 746 1110 in
775 1044 811 1086 ca
839 1024 981 1085 omnium
1015 1043 1220 1104 quaecunque
1254 1025 1341 1086 aute-

176 1125 294 1188 cedunt
316 1125 590 1188 enumerationem
612 1125 771 1187 contineri
794 1125 877 1187 hanc
899 1125 1024 1186 inveni:
1055 1113 1340 1204 ,1111111111-

177 1224 1339 1307 tatesenatus,tantaconsensioneltaliae‚tantostudio

175 1328 371 1390 bonorum
394 1328 584 1409 omnium,
608 1330 756 1407 agente
779 1325 1022 1408 P.Lentu10,
1046 1327 1341 1389 consentienti-

174 1428 246 1491 bus
270 1428 419 1490 ceteris
441 1427 773 1510 magistratibuS,
798 1423 1340 1510 deprecanteOn.Pompei0‚

176 1529 362 1593 omnibus
384 1528 618 1592 hominibus
641 1527 873 1592 faventibus
897 1527 958 1592 dis
988 1528 1158 1610 denique
1180 1529 1341 1591 immor·

175 1627 1340 1713 talibusfrugumubertatecopiavilitaterediturnmeum

177 1731 549 1814 comprobantibus.
595 1729 669 1796 Una
691 1734 796 1794 autem
814 1752 956 1814 quaeque
979 1729 1073 1793 huius
1090 1731 1341 1793 enumerationis

173 1854 248 1914 pars
276 1832 315 1895 ad
345 1834 469 1914 partem
498 1831 654 1895 orationis
682 1831 900 1913 praecedentis
933 1832 1087 1906 maiorem
1121 1835 1245 1914 spectat
1283 1829 1341 1895 sed

173 1932 290 1996 ultima
323 1933 420 1995 verba
461 1931 902 2015 dis-comprobantibus
944 1953 1007 2014 quo
1045 1931 1227 1995 referantur
1273 1954 1341 1996 non

174 2032 307 2098 habent.
351 2030 506 2097 (lanieras
535 2054 669 2115 quaeso:
703 2033 784 2097 Hac
818 2030 1066 2097 auctoritate
1099 2041 1268 2096 senatus
1309 2037 1341 2096 εὴ

176 2156 207 2216 p.
223 2134 269 2198 IX
291 2155 864 2218 numquam-numquamnumquam
885 2135 927 2196 in
949 2138 1096 2198 senatu
1118 2135 1240 2197 mentio
1257 2133 1341 2197 facta

175 2239 233 2298 est.
266 2236 360 2298 nulla
377 2235 569 2325 auctoritate
592 2239 759 2300 senatus
793 2237 842 2298 illi
874 2236 1018 2300 restituti
1042 2239 1074 2299 et
1098 2256 1128 2317 q.
1152 2257 1175 2301 s.
1212 2234 1342 2298 Tanta

174 2338 449 2400 consensione
470 2335 617 2399 Italiae
640 2339 672 2399 et
693 2359 725 2419 p.
740 2336 780 2400 X.
803 2337 911 2400 nullus
934 2338 969 2400 in
986 2358 1095 2400 eorum
1110 2335 1218 2399 reditu
1234 2340 1341 2399 motus

174 2438 422 2520 municipiorum
452 2439 485 2499 et
506 2437 704 2500 coloniarum
727 2437 829 2501 factus
854 2441 917 2520 est,
947 2441 980 2500 at
999 2459 1050 2500 me
1072 2436 1197 2500 Italia
1227 2440 1341 2500 cuncta

174 2543 225 2602 ter
247 2539 313 2602 suis
337 2537 473 2601 decretis
496 2540 527 2600 et
543 2559 572 2620 q.
587 2560 612 2601 s.
630 2537 765 2602 Tanto
788 2539 925 2602 studio
949 2539 1141 2602 bonorum
1166 2539 1341 2600 omnium

175 2648 208 2716 et
235 2663 265 2722 p.
280 2638 336 2703 XI.
365 2660 424 2722 pro
452 2660 502 2702 me
530 2640 676 2703 consules
700 2661 826 2723 semper
852 2643 890 2703 ut
916 2638 1075 2704 referrent
1097 2639 1234 2722 flagitati
1265 2641 1341 2702 sunt

174 2762 259 2804 sca
291 2740 401 2818 bonis,
435 2763 466 2823 p.
484 2739 522 2804 X.
549 2741 681 2803 inimico
714 2749 822 2804 autem
855 2742 978 2824 optimc
1011 2742 1080 2804 viro
1114 2744 1146 2803 et
1168 2741 1340 2804 mitissimo

174 2840 348 2914 referente.⁴
375 2840 534 2923 Agente
556 2839 591 2905 P.
614 2840 788 2906 Lentulo
812 2844 845 2904 et
866 2864 897 2924 p.
914 2841 976 2905 XII
1000 2863 1088 2924 seqq.
1132 2841 1167 2909 P.
1183 2841 1341 2904 Lentulus

173 2943 284 3006 consul
295 2963 410 3025 pareus
427 2941 504 3006 deus
520 2943 605 3006 salus
620 2946 734 3006 notrae
750 2944 833 3006 vitae
849 2946 881 3006 ct
892 2965 921 3024 q.
933 2965 957 3005 s
982 2942 1340 3005 consentientibus

174 3045 322 3106 ceteris
345 3043 663 3124 magistratibus
687 3067 714 3126 p.
728 3044 800 3108 XV.
823 3044 948 3127 collega
969 3032 1076 3106 autem
1099 3045 1166 3107 eius
1183 3042 1340 3124 (Lentuli)

173 3145 277 3226 primo
305 3165 373 3206 non
397 3143 587 3207 adversante
614 3147 689 3226 post
711 3147 807 3209 etiam
830 3144 1002 3208 adiuvante
1028 3145 1143 3227 reliqui
1172 3145 1342 3226 magistra-

173 3248 226 3307 tus
253 3266 354 3328 paene
377 3267 488 3308 omnes
512 3244 696 3309 defensores
718 3247 830 3310 salutis
851 3267 949 3310 meac.
994 3245 1250 3328 Deprecante
1273 3242 1340 3320 On,

173 3345 331 3409 Pomeio
362 3349 394 3408 et
421 3369 452 3429 p.
468 3345 545 3410 XVI
575 3368 711 3428 quorum
738 3348 887 3430 princeps
915 3345 955 3410 ad
982 3347 1198 3411 cohortandos
1223 3369 1280 3410 vos
1309 3351 1341 3411 et

173 3447 212 3509 ad
241 3446 404 3530 rogandos
427 3446 490 3510 fuit
518 3444 576 3510 On.
594 3447 765 3529 Pompeius
789 3453 821 3511 et
846 3469 874 3530 q.
891 3471 915 3512 s.
951 3447 1143 3512 Omnibus
1171 3447 1341 3510 homini-

172 3549 244 3611 bus
268 3537 501 3612 faventibus
526 3552 558 3611 et
579 3570 610 3630 p.
625 3547 719 3612 XVII
736 3548 846 3611 ecdem
869 3552 1014 3632 tempore
1030 3570 1140 3612 omnes
1157 3549 1341 3612 consulares

174 3671 285 3714 omnes
321 3650 503 3732 praetorius
537 3653 573 3713 ut
612 3651 784 3713 omnium
820 3651 1018 3714 testimonio,
1069 3649 1228 3724 Quoniam
1266 3672 1341 3713 vero

85 3809 87 3812 ,
173 3773 238 3816 una
275 3772 418 3833 quaeque
457 3751 707 3814 enumerationis
747 3751 834 3814 illius
873 3773 946 3836 pars
987 3751 1026 3815 ud
1059 3755 1183 3835 partem
1217 3753 1342 3834 spectat

173 3853 345 3934 orationiS,
390 3872 461 3915 cum
499 3853 597 3916 nullis
629 3852 735 3915 verbis
773 3853 950 3935 explicetur
988 3856 1084 3935 atquc
1120 3873 1161 3915 ne
1200 3852 1342 3915 breviter

173 3953 302 4036 quidem
348 3954 530 4036 attingatur
570 3953 666 4016 illud:
718 3952 777 4017 dis
827 3954 1200 4036 comprobantibus,
1258 3953 1341 4015 lacu-

172 4077 247 4117 nam
274 4059 350 4117 aute
378 4053 616 4137 paragraphum
637 4054 750 4118 XVIII
773 4077 842 4118 esse
864 4055 1069 4117 statuendam
1096 4054 1216 4130 censui,
1246 4074 1340 4135 quem

174 4155 303 4238 quidem
335 4157 440 4219 locum
475 4156 618 4219 omnium
653 4157 929 4239 corruptissimum
965 4177 1033 4218 esse
1068 4175 1172 4238 neque
1202 4153 1340 4216 Wolfius

173 4257 278 4321 solum
311 4260 366 4321 aut
392 4254 602 4320 Marklandus
635 4256 691 4320 sed
730 4257 827 4320 etiam
859 4256 1030 4321 Ernestius
1059 4257 1092 4318 ct
1124 4255 1179 4318 alii
1214 4275 1340 4318 conces-
