3030 4754
641 327 851 389 ..12-

160 492 297 558 DCOOO
320 495 359 556 in
386 496 517 557 castra
540 496 734 576 pervenit.
764 495 1011 579 Ponspaeue'
1028 500 1115 560 erat
1136 497 1325 561 relectus,

160 595 303 658 Blatzius
319 598 351 657 et
366 595 580 677 Hofmanuus,
604 595 657 676 qui
670 596 704 657 in
718 595 854 660 Kraneri
871 597 1012 661 editione
1028 620 1100 661 eum
1115 597 1241 661 videtur
1257 621 1326 661 esse

161 698 297 777 secutus
321 696 371 758 his
387 697 536 758 nituntur
551 699 833 778 argumentis-rem
850 697 1043 781 disceptare:
1071 720 1108 761 eo
1123 697 1222 762 biduo
1238 699 1325 762 kann

161 818 199 859 an
224 796 293 859 sich
315 796 495 860 betrachtet
516 796 602 859 wohl
625 796 769 860 heissen:
793 799 828 860 in
851 798 961 863 diesen
982 800 1003 862 2
1026 800 1156 883 Tagen3
1182 822 1215 863 es
1237 800 1326 863 kann

160 897 236 960 aber
264 897 344 960 auch
367 897 512 960 hcissen:
552 900 572 962 2
597 897 686 980 Tage
709 898 825 962 darauf
843 900 960 980 (locum
984 903 1106 963 certum
1129 922 1191 982 quo
1216 900 1249 963 id
1273 923 1327 983 ap-

160 1001 272 1080 pareat
293 1020 360 1061 non
382 1000 514 1080 inveni).
558 999 609 1064 Da
631 1021 709 1062 nun*
722 1020 781 1082 gar
803 1000 893 1063 nicht
916 1001 1061 1064 erwaihnt
1082 1002 1143 1083 ist,
1172 1001 1245 1065 dass
1270 1001 1326 1064 der

161 1099 242 1162 eben
264 1099 492 1164 beschriebene
515 1100 673 1183 Vorgang
695 1103 772 1163 zwei
796 1101 885 1183 Tage
908 1101 1049 1184 dauerte,
1072 1102 1140 1166 dies
1163 1102 1244 1166 auch
1266 1122 1326 1183 gar

159 1200 252 1262 nicht
279 1199 544 1265 wahrscheinlich
572 1203 630 1281 ist3
654 1201 695 1264 da
716 1201 823 1264 ferner
846 1199 959 1285 Otisar,
986 1225 1081 1266 wenn
1110 1226 1145 1266 er
1172 1203 1324 1266 wahrend

160 1299 263 1364 dieses
285 1301 479 1383 Vorganges
512 1303 726 1383 eingetroffen
767 1308 859 1384 ware,
894 1303 946 1367 die
979 1303 1105 1366 Briicke
1137 1304 1228 1367 nicht
1260 1305 1326 1368 bei-

152 1390 251 1465 111111
276 1401 587 1484 wiederhergcstellt
626 1403 849 1485 vorgefunden
878 1404 986 1468 haben
1018 1405 1146 1487 wiirde,
1183 1425 1216 1468 er
1244 1405 1324 1467 auch

158 1504 194 1564 in
222 1502 342 1565 diesem
364 1502 454 1566 Falle
482 1504 574 1567 nicht
600 1504 754 1587 unth'atig
781 1505 954 1587 geblieben
976 1507 1047 1568 sein
1066 1505 1193 1587 11ῖὶ1111,
1220 1527 1256 1568 so
1279 1505 1323 1568 ist

159 1624 196 1666 co
225 1602 323 1666 biduo
346 1605 406 1666 mit
427 1604 447 1666 2
471 1604 560 1687 Tage
581 1605 724 1669 nechher
746 1628 784 1668 zu
807 1607 1006 1670 ubersetzen.
1051 1603 1194 1670 0111111
1216 1608 1323 1668 autem

159 1704 220 1766 viri
242 1703 341 1788 docti,
370 1727 411 1769 ne
438 1707 575 1768 nimium
597 1706 772 1789 probantes
793 1707 877 1770 nihil
899 1708 1047 1790 probent.
1092 1706 1177 1771 Nam
1200 1695 1227 1770 si
1250 1727 1323 1769 con-

159 1804 307 1869 cedamus
323 1803 498 1897 ‘Gaesarem
527 1806 639 1879 eodem
667 1806 735 1886 die,
764 1829 827 1890 quo
855 1809 1014 1891 proelium
1043 1811 1127 1891 erat,
1155 1809 1191 1870 in
1219 1809 1323 1870 castra

158 1928 226 1969 non
247 1908 388 1989 venisse,
416 1929 526 1971 nonne
554 1908 731 1990 simplicius
760 1911 817 1973 est.
837 1910 992 1992 suspicari
1021 1899 1152 1991 postero
1176 1929 1247 1971 eum
1270 1907 1322 1970 die

158 2000 300 2090 venisse,
329 2009 389 2090 ita,
417 2012 454 2071 ut
480 2031 521 2072 eo
552 2007 670 2073 biduo
699 2013 732 2072 et
754 2009 839 2073 diem
860 2011 975 2092 proelii
998 2013 1030 2073 et
1051 2009 1136 2072 diem
1158 2011 1322 2092 posterum
1386 2014 1392 2017 ’

159 2108 344 2191 significet?
398 2109 467 2184 Quo
501 2108 630 2191 quidem
664 2110 699 2171 11
734 2109 805 2173 loco
839 2113 967 2173 tantum
1001 2113 1093 2175 abest
1124 2113 1161 2174 ut
1192 2130 1323 2174 necesse

159 2210 203 2272 sit
225 2231 266 2273 eo
289 2209 409 2274 biduo
432 2210 471 2273 ad
495 2209 562 2273 dies
585 2209 664 2273 duos
687 2214 858 2292 sequentes
874 2213 1026 2293 spectare,
1049 2214 1086 2274 ut
1100 2213 1153 2274 vix
1168 2211 1235 2273 eius
1250 2231 1322 2292 pro-

158 2310 299 2373 nominis
315 2312 440 2375 ratione
456 2310 605 2394 quemad
627 2310 759 2374 modum
781 2311 820 2375 ad
843 2313 932 2375 illam
955 2311 1226 2394 significationem
1248 2331 1320 2392 per·

158 2412 297 2492 venerit,
325 2414 429 2494 possit
455 2413 615 2496 explicari.
662 2409 724 2476 Se'd
753 2409 915 2495 utcunque
934 2413 985 2476 vel
1008 2413 1060 2476 hic
1081 2412 1170 2476 locus
1192 2411 1243 2475 vel
1266 2411 1320 2474 alii

159 2511 221 2574 duo
249 2533 319 2576 sese
346 2512 484 2594 habent,
513 2512 599 2576 unde
626 2534 711 2577 nova
738 2513 778 2576 dc
805 2514 1007 2596 pronominis
1035 2514 1063 2574 is
1085 2516 1201 2576 natura
1223 2511 1321 2575 dedu·

160 2615 249 2675 catur
271 2614 390 2695 opinio,
413 2634 544 2695 prorsus
566 2635 633 2676 non
656 2616 733 2677 sunt
753 2615 830 2696 apti.

244 2712 366 2788 Quibus
390 2714 543 2796 expositis
566 2714 687 2777 acriore
709 2715 773 2777 iam
796 2714 899 2778 Marte
921 2714 997 2778 licet
1025 2715 1139 2777 contra
1159 2711 1319 2775 Blatzium

158 2814 351 2877 contendere
374 2817 490 2878 mirum
511 2818 667 2897 quantum
690 2837 801 2879 avero
823 2817 858 2878 in
879 2813 1096 2898 percensendo
1120 2815 1190 2877 loco
1206 2817 1319 2896 quarto

159 2915 211 2996 (ad
235 2915 302 2979 Att.
325 2915 382 2979 IV.
405 2915 432 2980 Ι.
455 2917 496 2997 6.)
518 2905 730 2981 aberrantem.
776 2914 840 2980 Sed
862 2919 1034 2997 antequam
1063 2914 1102 2978 ad
1131 2917 1199 2979 eius
1227 2934 1321 2996 argu-

158 3019 266 3079 menta
288 3017 482 3098 accedamus
506 3017 664 3080 nonnulla
685 3015 850 3099 quaedam,
873 3037 954 3099 quae
968 3037 1073 3098 neque
1088 3016 1128 3079 ab
1144 3015 1201 3078 illo
1215 3036 1320 3097 neque

158 3118 272 3180 abaliis
300 3122 385 3181 recte
412 3118 552 3184 iudicata
579 3117 642 3180 huc
669 3117 863 3196 afferuntur,
897 3119 992 3181 nobis
1021 3120 1098 3180 sunt
1120 3115 1321 3199 attingenda.

157 3217 197 3281 In
220 3220 385 3282 nonnullis
416 3219 501 3282 enim
524 3218 720 3282 editionibus
749 3219 959 3300 epistularum
986 3218 1065 3282 haec
1092 3218 1319 3280 iveniuntur*:

157 3320 223 3384 Der
245 3321 351 3384 blosse
373 3321 505 3384 Ablativ
527 3341 583 3383 zur
605 3319 833 3402 Bezeichnung
854 3320 956 3383 nach
979 3321 1066 3383 einer
1089 3317 1174 3401 Zeis,
1198 3317 1316 3400 jedoch

97 3469 99 3476 2
157 3420 362 3504 gewbhnlich
389 3423 449 3484 1111
470 3420 657 3504 folgenden
679 3419 904 3486 Relativsazte.
948 3419 1012 3485 Sed
1033 3440 1138 3501 neque
1161 3418 1320 3483 ablativus

157 3523 311 3604 temporis
337 3522 445 3605 [quern
466 3525 591 3585 vertere
613 3524 740 3584 tantum
755 3520 918 3584 interdum
940 3522 1017 3585 licet
1040 3519 1208 3603 „nach“,
1230 3521 1320 3583 velut

157 3624 266 3707 paucis
298 3622 410 3685 diebus
442 3624 478 3685 in
513 3621 620 3706 (nach)
652 3622 801 3704 wenigen
834 3621 959 3704 Tagen]
993 3642 1096 3703 neque
1132 3620 1195 3685 loci
1231 3621 1320 3696 velut

159 3722 336 3806 quadriduo
372 3744 434 3805 quo
463 3727 495 3786 et
528 3745 559 3805 q.
579 3745 603 3787 s.
635 3722 700 3787 tole
734 3721 810 3805 quid
844 3722 1047 3804 significant,
1081 3742 1217 3804 quorum
1239 3743 1319 3803 quae

158 3827 202 3888 sit
221 3826 319 3907 ratio,
352 3845 456 3906 neque
485 3824 651 3907 Zumptius
681 3823 937 3906 (quadriduoquo
960 3853 994 3877 =
1016 3825 1042 3890 ll
1066 3822 1156 3904 Tage
1177 3821 1320 3884 nachher

157 3926 218 4011 als)
241 3946 346 4007 neque
367 3925 556 4009 Kruegerus
578 3929 634 3989 aut
656 3925 822 3990 Kranerus
845 3923 883 4008 (4
898 3923 988 4007 Tage
1010 3945 1075 3987 von
1097 3921 1153 3985 der
1175 3921 1246 3986 Zeit
1268 3923 1318 4004 ab,

157 4111 360 4123 Ὴ--ῄ

200 4234 202 4238 ’
241 4247 267 4313 *)
284 4245 331 4299 cfr.
350 4245 433 4313 Frey:
452 4243 651 4313 Ausgcw'ahlte
669 4243 760 4299 Briefe
779 4243 893 4298 Ciceros.
928 4240 1043 4310 Leipzig
1062 4246 1136 4306 1864,
1155 4257 1181 4308 p.
1201 4246 1242 4295 81.
