3030 4754
652 318 860 389 413..

173 497 237 581 wo)
255 515 359 577 neque
381 495 436 557 alii
460 495 537 557 satis
561 495 647 556 recte
670 492 821 556 videntur
844 492 1026 574 explicasse.
1059 490 1128 565 Qua
1150 489 1279 573 quidem
1301 492 1336 553 in

172 596 215 661 re'
235 595 435 678 explananda
463 617 525 678 quo
553 595 657 676 magis
686 594 735 673 id,
770 593 855 676 quod
878 593 1033 674 sentiam,
1066 593 1259 676 perspicium
1283 595 1335 671 sit,

177 701 298 761 certum
321 697 427 760 locum
450 696 605 778 eligamus
628 695 714 758 hunc
737 700 808 777 (pro
825 692 895 758 Sex.
910 693 1003 758 ltoso.
1019 695 1171 758 Amerino
1187 692 1335 776 XXXVI,

175 797 376 881 11111010
401 795 481 861 Sex.
508 796 644 859 Roscii
667 794 909 878 quadriduo,
933 815 1005 876 quo
1027 796 1061 858 is
1083 796 1241 858 occisus
1265 799 1337 877 est,

173 897 440 981 Chrysogono
474 899 696 960 nuntiatur.
741 895 775 959 Si
804 898 840 959 tu
871 896 1055 959 numerabis
1085 896 1152 960 dies
1179 896 1336 978 singulos,

172 999 277 1062 unde
303 1021 460 1081 numeres,
486 998 633 1084 inprimis
650 1000 698 1061 est
719 995 1001 1080 considerandum
1023 998 1069 1060 ita
1090 997 1192 1079 igitur
1215 997 1337 1060 dierum

175 1121 343 1162 numerum
373 1100 486 1162 inibis:
509 1099 610 1179 dies
643 1099 799 1178 mortis,
839 1096 1036 1161 secundus
1067 1097 1152 1180 dice,
1190 1098 1337 1161 tertius

178 1185 275 1285 dies,
297 1205 467 1282 quartus
491 1200 569 1282 dies,
594 1220 672 1281 ergo
703 1197 947 1281 quad-ridu0,
978 1219 1051 1279 quo
1080 1199 1234 1262 occisus
1263 1201 1337 1279 est,

174 1322 275 1365 mors
297 1302 528 1382 nuntiatur,
552 1304 601 1363 est
623 1299 707 1363 idem
731 1303 843 1381 atque:
867 1302 981 1380 quarto
1003 1298 1054 1360 die
1076 1320 1185 1362 eorum
1206 1300 1338 1381 dierum,

175 1402 435 1484 quorumprimo
459 1401 580 1464 occisus
604 1404 666 1483 est,
698 1402 868 1463 nuntiatur
890 1404 923 1462 et
944 1420 974 1481 q.
999 1423 1022 1463 s.
1064 1399 1133 1463 Nos
1154 1404 1261 1464 autem
1283 1404 1339 1462 aut

174 1504 311 1566 eundem
340 1502 375 1565 in
403 1501 533 1564 modum
564 1504 619 1564 aut
647 1501 880 1566 Germanorum
908 1522 997 1564 more
1018 1505 1180 1564 vertamus
1209 1500 1339 1564 necesse

174 1609 238 1667 est:
261 1604 282 1671 3
305 1603 396 1684 Tage
418 1604 569 1685 sptiter,
598 1603 644 1666 als
668 1624 702 1665 er
724 1602 873 1685 getlidtet
894 1601 1012 1684 wurde,
1035 1601 1144 1665 warde
1167 1601 1339 1685 gemeldet.

261 1691 324 1768 Sed
358 1703 590 1785 aliquantisper
617 1703 814 1785 exspatiatus
842 1725 912 1766 sum
934 1705 969 1765 in
1000 1725 1067 1766 rem
1090 1725 1157 1766 non
1184 1702 1263 1767 adeo
1286 1724 1340 1766 ne-

174 1807 311 1869 cessario
343 1805 474 1868 vinculo
504 1826 575 1867 cum
599 1805 782 1887 praeposita
808 1805 995 1886 quaestione
1023 1805 1235 1883 coniunctam,
1268 1825 1339 1867 oum

179 1907 382 1969 enuntiatum
397 1906 567 1968 relativum
578 1905 612 1966 in
623 1905 833 1986 epistularum
842 1905 912 1968 loco
925 1906 1057 1968 omnino
1069 1927 1137 1968 non
1148 1905 1340 1969 inveniatur.

264 2009 336 2089 Age
359 2007 403 2069 sis
427 2008 618 2087 argumenta
639 2025 860 2087 percurramus
884 2027 935 2085 ea,
978 2026 1058 2087 quae
1092 2028 1129 2069 ex
1156 2007 1252 2069 rebus
1281 2006 1338 2068 illo

174 2112 320 2190 tempore
350 2107 451 2188 gestis
480 2107 514 2168 11
550 2106 691 2169 medium
719 2106 938 2189 proferuntur.
983 2105 1071 2170 Dicit
1098 2111 1205 2171 autem
1228 2104 1339 2170 Oicero

174 2209 261 2272 haec.
279 2230 326 2291 ep.
341 2208 390 2272 ad.
406 2207 473 2274 Att.
488 2207 544 2272 IV.
560 2207 586 2274 I.
602 2209 640 2271 6:
684 2207 841 2288 „Romam
862 2209 936 2271 veni
960 2208 1055 2290 (prid.
1072 2207 1160 2291 Non)
1183 2207 1340 2291 postridie

174 2309 278 2374 Nonis
300 2309 379 2391 ipsis
396 2309 522 2372 senatui
538 2310 660 2391 gratias
676 2309 810 2390 egimus.
833 2329 876 2371 eo
892 2309 990 2372 biduo
1006 2330 1077 2372 cum
1094 2313 1179 2373 esset
1194 2330 1340 2372 annonae

175 2431 301 2474 summa
321 2409 446 2487 caritas,
470 2429 542 2472 cum
563 2431 675 2472 omnes
697 2408 730 2471 id
754 2415 916 2492 cuperent,
940 2410 1132 2473 sententiam
1156 2410 1195 2474 de
1211 2431 1340 2474 annona

176 2511 272 2574 dixir‘
318 2508 387 2584 Qua
415 2530 449 2572 re
485 2509 562 2600 quid
591 2511 767 2593 simplicius
799 2509 977 2573 evidentius
1001 2511 1105 2593 magis
1128 2513 1168 2575 ab
1191 2511 1339 2574 omnibus

178 2614 338 2674 remotum
373 2615 422 2674 est
457 2611 718 2690 difficultatibus,
752 2614 789 2675 ut
816 2634 883 2675 non
911 2613 1117 2694 intellegere,
1153 2612 1229 2695 quid
1262 2612 1341 2674 velit

179 2710 311 2794 Cicero,
342 2732 443 2793 paene
472 2711 636 2775 difficilius
665 2733 758 2794 quam
786 2714 975 2795 intellegere
997 2713 1166 2777 videatur?
1209 2712 1341 2775 Etenim

175 2813 273 2876 illud:
306 2818 349 2875 eo
384 2811 506 2876 biduo
538 2833 600 2894 quo
634 2813 850 2876 tandemalio
881 2814 945 2875 nisi
978 2815 1018 2877 ad
1052 2814 1151 2897 prid.
1174 2812 1272 2877 Non.
1308 2816 1341 2875 et

175 2913 313 2978 Nonas
341 2915 450 2996 potest
476 2914 660 2996 pertineret
703 2913 820 2977 Nonne
848 2915 883 2976 11
916 2915 1086 2996 propatulo
1117 2916 1259 2998 positum
1293 2917 1342 2976 est

175 3015 304 3079 Nonis
328 3015 429 3096 ipsis
455 3015 649 3077 senteutiam
672 3010 712 3077 de
734 3036 863 3078 annona
890 3036 958 3078 esse
988 3014 1121 3096 dietam,
1155 3037 1226 3078 cum
1252 3037 1341 3096 prae-

177 3116 296 3178 sentim
325 3113 436 3179 Oicero
470 3115 726 3198 accuratissime,
760 3115 837 3197 quid
867 3136 993 3198 quoque
1021 3119 1096 3198 post
1123 3115 1262 3179 reditum
1291 3116 1340 3178 die

177 3219 283 3279 actum
312 3217 370 3298 sit,
405 3217 611 3296 distinguens
640 3214 678 3278 ad
707 3219 872 3297 posterum
900 3217 984 3279 diem
1013 3219 1129 3299 pergat
1150 3216 1256 3281 verbis
1278 3215 1339 3295 his,

179 3317 218 3381 ad
241 3318 310 3381 Att.
327 3317 383 3381 IV.
398 3317 423 3381 l.
448 3318 482 3386 l:
521 3315 744 3398 „postridie
767 3317 860 3398 (post
881 3316 981 3395 Non.)
1005 3321 1135 3380 senatus
1158 3317 1342 3399 frequens.“

178 3419 326 3499 equidem
348 3419 535 3500 negaverim
558 3439 639 3494 eum,
663 3418 718 3498 qui
739 3418 829 3480 nulla
850 3417 1067 3501 praeiudicata
1088 3419 1240 3501 opinione
1256 3416 1342 3481 hunc

177 3519 283 3581 locum
305 3519 489 3601 perlegerit,
513 3539 575 3600 quo
591 3518 646 3580 ille
661 3517 713 3581 die
729 3517 855 3601 dixerit,
878 3519 944 3583 ullo
960 3519 1055 3582 modo
1071 3540 1165 3602 posse
1178 3518 1341 3600 dubitare3

180 3616 865 3702 11110110101801110111100181011110
881 3623 984 3683 totam
998 3622 1233 3703 praeterierunt
1249 3640 1343 3700 quae·
1360 3620 1367 3624 ’

179 3721 320 3783 01101011
342 3724 438 3802 atque
460 3721 660 3802 reliquerunt
681 3721 751 3782 luce
779 3743 847 3782 rem
868 3721 1045 3785 iudicantes
1069 3743 1138 3784 esse
1164 3720 1340 3783 clariorem.

180 3820 264 3895 Quid
295 3820 379 3903 quod
404 3822 499 3884 etiam
529 3821 671 3884 Blatzius
700 3821 901 3902 aliquantum
929 3823 1017 3885 illam
1040 3822 1340 3903 interpretationem

179 3922 299 3984 habere
322 3921 609 3985 commendationis
633 3925 742 4004 aperte
764 3923 956 3986 confitetur?
1001 3920 1064 3985 Sed
1087 3923 1217 4005 singula
1238 3920 1342 3984 videa·

179 4044 260 4103 mus,
285 4043 366 4104 quae
388 4023 567 4086 subtilioris
589 4024 776 4106 interpretis
799 4029 906 4106 partes
930 4044 1030 4106 agens
1052 4024 1087 4087 in
1109 4022 1249 4086 medium
1269 4043 1342 4106 pro·

179 4120 255 4184 fert.
301 4125 347 4187 Ac
379 4124 519 4206 primum
549 4125 576 4186 si
608 4124 706 4187 verba
738 4145 781 4187 eo
815 4124 933 4188 biduo
964 4125 1238 4207 coniungerentur
1270 4145 1342 4187 eum

179 4223 349 4288 enuntiato
392 4225 540 4306 sequenti
570 4245 607 4288 eo
638 4225 735 4288 biduo
765 4246 836 4288 cum
862 4262 905 4272 -
933 4227 1031 4308 esset,
1063 4225 1132 4288 fore
1153 4228 1267 4308 negat,
1295 4231 1341 4305 ut,
