3030 4754
688 327 924 402 -5-'

270 505 419 570 Insident
445 509 551 570 autem
580 507 755 570 nonnullae
784 507 858 570 huie
885 507 955 570 loeo
979 508 1068 589 quasi
1092 508 1232 571 offensae
1258 529 1350 590 quae-

186 606 269 688 dam,
294 629 371 689 quas
393 609 457 670 nisi
480 608 719 685 removerimus,
748 609 826 671 satis
848 609 943 671 nobis
966 611 1054 671 certo
1076 608 1224 672 incedere
1247 609 1350 690 gradu

187 710 240 771 vix
271 708 392 776 licebit.
435 709 544 791 Atque
574 708 636 772 hoe
663 710 831 791 parvulum
860 730 900 772 ne
923 709 1125 791 reticeamus,
1154 709 1352 773 dissentiunt

185 810 246 871 viri
269 809 354 872 docti
377 811 463 873 inter
486 831 570 887 sese,
602 813 711 872 utrum
730 811 828 872 verba
854 830 940 872 eum
964 809 1154 872 abessent
1176 847 1218 858 —
1239 831 1351 892 prae-

185 912 247 972 ter
275 911 504 974 Messallam
539 913 577 973 et
605 911 833 988 Afranium,
864 932 934 973 eum
971 910 1017 973 eis
1047 931 1126 991 quae
1156 911 1352 973 antecedunt

187 1012 363 1074 enuntiatis
392 1033 433 1074 an
456 1033 527 1075 oum
551 1012 597 1074 eis
620 1011 817 1074 conectenda
838 1012 914 1092 sint,
944 1032 1024 1093 quae
1046 1014 1231 1092 sequuntur.
1266 1011 1352 1074 lllud

185 1112 325 1192 probant
360 1112 582 1195 Hofmannus,
623 1112 720 1194 Frey,
762 1111 1031 1194 Wesenbergius,
1072 1113 1134 1175 hoo
1164 1113 1352 1194 praeferunt

186 1211 334 1275 Baiterus
357 1222 451 1295 atque
468 1213 613 1296 BootiuS,
638 1212 854 1295 quiquidem,
877 1215 954 1294 quia
975 1214 1047 1295 plus
1070 1213 1199 1276 intersit
1220 1235 1351 1277 narrare

187 1310 307 1376 serum
322 1313 443 1376 factum
463 1336 547 1396 esse,
570 1336 642 1378 eum
664 1313 814 1377 abessent
836 1314 1020 1377 consulares
1043 1335 1138 1395 quarn
1159 1314 1223 1377 illis
1240 1315 1352 1378 absen-

186 1414 273 1476 tibus
305 1436 339 1477 se
367 1416 562 1477 sententiam
591 1415 728 1492 dixisse,
763 1415 810 1477 ita
833 1414 1097 1495 distinguendum
1129 1436 1197 1477 esse
1227 1416 1353 1478 censuit

190 1514 233 1595 (p.
249 1515 423 1597 159Ausg.
440 1515 617 1596 d.Briefe):
640 1515 730 1578 dixi.
760 1511 1054 1579 Oumabessent
1070 1514 1352 1601 -Afranium,

187 1613 308 1679 laetum
331 1619 392 1679 est
420 1619 483 1698 etq.
507 1641 530 1680 s.
574 1620 622 1680 Ae
643 1638 773 1699 prorsus
796 1617 963 1680 assentior.
1007 1617 1126 1679 Mirum
1149 1617 1232 1679 euim
1255 1638 1353 1698 quan-

187 1719 257 1778 tum
279 1716 359 1780 illud
381 1718 515 1781 haberet
538 1717 734 1798 offensionis,
763 1718 790 1779 si
813 1715 933 1795 (licere,
961 1720 1132 1800 postquam
1155 1738 1266 1781 omnes
1288 1719 1353 1780 iam

166 1815 284 1902 v'supra
311 1820 510 1881 enumeravit
538 1819 685 1898 causas*
712 1820 829 1900 quibus
851 1822 888 1881 ut
911 1819 1105 1881 sententiam
1128 1817 1248 1881 diceret
1269 1839 1352 1881 eom-

185 1921 292 1981 motus
316 1919 367 1998 sit,
390 1941 506 1983 novam
530 1939 662 2001 eamque
683 1919 934 2000 inexspectatam
957 1919 1064 1983 subito
1080 1918 1119 1982 ad
1143 1920 1355 1982 extremuml‘*

173 2019 323 2083 afferret.
369 2017 427 2082 Sin
454 2021 608 2084 voluisset
635 2018 739 2082 dicere
768 2041 857 2083 sese
881 2020 999 2083 dixisse
1020 2021 1157 2102 ipsum,
1185 2019 1350 2101 quianon

127 2149 133 2157 ·
187 2119 344 2183 dixissent
366 2121 617 2200 consulares,
639 2120 705 2184 tale
720 2120 797 2202 quid
812 2121 1067 2206 postularemus:
1091 2141 1164 2203 ego
1181 2119 1256 2201 dixi,
1280 2141 1352 2183 eum

186 2222 337 2284 abessent
364 2223 604 2286 consulares.
650 2220 864 2296 Quamobrem
892 2221 1015 2285 Baiteri
1036 2221 1209 2304 Bootiique
1237 2242 1354 2302 sequor

186 2323 340 2385 iudicium
366 2322 463 2385 verba
485 2307 566 2390 illa}
590 2343 672 2385 eum
704 2323 1129 2386 abessent-Afranium
1157 2343 1228 2385 oum
1255 2343 1353 2385 enun-

187 2423 268 2483 tiato
298 2423 506 2503 subsequenti
534 2423 816 2504 coniungentium,
846 2421 1036 2505 videturque
1064 2443 1202 2485 conexus
1226 2425 1353 2485 senten-

187 2522 305 2584 tiarum
332 2524 389 2584 aut
411 2542 480 2584 esse
502 2521 570 2584 hie:
593 2542 664 2584 eum
687 2523 837 2586 abessent
859 2522 1105 2604 consulares,
1128 2525 1258 2586 senatus
1281 2543 1354 2586 eon·
1442 2587 1448 2594 ,

90 2658 94 2666 -
187 2623 308 2685 sultum
323 2622 443 2685 fautum
459 2623 558 2685 estin
580 2644 701 2686 meam
724 2624 930 2706 sententiam,
953 2633 1018 2704 aut,
1041 2623 1074 2686 id
1097 2623 1183 2706 quod
1206 2623 1354 2704 equidem

187 2725 302 2805 senti0,
325 2724 371 2786 ita
386 2745 436 2786 res
454 2725 503 2785 est
518 2724 718 2805 explicanda:
740 2745 812 2786 eum
828 2725 1016 2788 abessent
1032 2724 1225 2806 consulares,
1247 2723 1353 2786 nihil

189 2824 351 2887 decretum
379 2826 428 2886 est
455 2822 571 2886 aliud
599 2823 680 2886 nisi
708 2826 745 2886 ut
772 2844 844 2886 eum
866 2823 1020 2906 Pompej0
1045 2826 1247 2906 ageretur,
1276 2811 1353 2892 nos:

188 2925 317 3007 Wegen
346 2924 402 2987 der
424 2923 656 2987 Abwesenheit
677 2923 734 2987 der
757 2920 934 2987 Consulare
956 2925 1031 2988 kam
1053 2946 1115 2986 nur
1137 2924 1194 2987 der
1217 2924 1354 3007 (verlin-

188 3027 266 3107 fige)
284 3023 566 3088 Senatsbesohluss
588 3047 627 3087 zu
651 3022 781 3108 Stande,
797 3021 879 3088 'dass
902 3047 977 3088 man
995 3024 1272 3105 Verbandlungen
1293 3025 1354 3086 mit

188 3125 359 3208 Pompejus
388 3124 527 3188 einleite.
571 3124 714 3206 Aliquid·
733 3125 895 3189 decretum
924 3130 989 3205 est,
1024 3129 1061 3188 ut
1088 3124 1354 3188 tumultuantium

188 3226 354 3290 hominum
382 3227 481 3288 animi
509 3225 712 3308 sedarentur,
745 3229 923 3289 ceterorum
951 3228 987 3289 ut
1014 3228 1198 3290 senatorum
1226 3225 1283 3288 illa
1314 3225 1354 3288 de

188 3349 221 3392 re
255 3326 430 3408 exspectari
464 3327 598 3408 possent
629 3327 824 3407 sententiae,
864 3325 949 3389 nihil
983 3329 1033 3389 est
1066 3325 1229 3389 decretum
1263 3327 1353 3392 eerti.

188 3427 359 3507 Postridie,
387 3447 451 3507 quo
474 3424 525 3488 die
548 3430 678 3489 senatus
698 3426 858 3509 frequens,
888 3426 939 3489 lex
962 3430 1011 3490 est
1034 3426 1217 3507 conscripto
1238 3426 1354 3508 singil-

188 3530 341 3609 latimque
364 3526 471 3590 omnia
493 3528 670 3590 constituta
692 3530 787 3609 atque
810 3527 991 3608 designata.
1031 3535 1032 3538 ’

272 3628 365 3692 Nova
393 3649 479 3692 nune
508 3629 634 3692 exsistit
661 3650 760 3710 eaque
788 3628 992 3692 subdifficilis
1020 3629 1166 3710 quaestio
1196 3648 1277 3710 quae
1304 3630 1353 3691 est

190 3731 229 3794 de
254 3730 360 3792 verbis
387 3732 554 3794 senatus
581 3730 767 3792 consulto
794 3729 969 3793 recitato
997 3729 1199 3793 continuo
1244 3726 1353 3792 (lodex

190 3834 296 3896 autem
325 3829 487 3894 Medieeus
522 3832 626 3913 prima
660 3852 756 3894 manu
783 3830 918 3913 praebet
948 3829 1024 3893 hoc:
1053 3829 1353 3893 senatusconsulto

273 4066 287 4099 '¹‘
306 4080 377 4117 cum
395 4063 468 4116 esset
479 4078 605 4116 annonae
623 4061 722 4116 caritas
740 4093 773 4102 -
791 4080 863 4116 eum
877 4061 1027 4131 Pompeius
1045 4062 1167 4130 cuperet,
1196 4078 1266 4114 oum
1284 4060 1355 4114 mul·

185 4151 278 4206 titudo
296 4147 457 4217 postularet.

258 4238 288 4271 ²¹²*
307 4249 368 4287 oum
387 4231 513 4286 abessent
530 4231 694 4286 consulares.
