3030 4754
624 363 834 427 ..29-

148 535 318 597 bulento
342 534 416 596 illo
440 532 505 596 die
527 555 605 596 non
634 532 831 611 debuisti,
856 534 1003 594 senatum
1025 533 1080 613 qui
1109 532 1232 594 eratin
1256 531 1314 595 Ca-

150 637 264 718 pitolio
282 636 363 698 velle
386 634 511 698 videtur
534 633 714 698 discernere
737 635 776 709 ab
801 655 848 713 ec,
882 634 936 715 qui
965 633 1076 696 eodem
1104 631 1155 695 die
1174 642 1251 696 ¹erat
1278 634 1313 695 in

151 735 352 800 Concordiae
374 734 522 819 templo?
565 734 658 798 Adde
680 735 776 817 quod,
808 757 879 798 cum
902 735 936 796 in
964 735 1020 797 illa
1048 733 1088 797 ad
1116 731 1313 798 Concordiae

151 837 348 919 lapidatione
371 835 482 900 Cicero
505 838 691 900 nominatus
714 838 757 899 sit
779 837 1040 918 frumentumque
1070 829 1109 898 ab
1139 858 1176 899 eo
1203 839 1313 918 postu-

149 938 265 1019 latum,
301 937 490 1001 concludere
523 938 599 1001 licet
634 959 705 1000 eum
728 938 774 1000 ibi
797 936 948 1020 adfuisse,
978 936 1115 1017 denique
1142 936 1229 999 locus
1257 937 1313 999 ille

150 1039 361 1120 epistularum
384 1039 436 1120 (ad
458 1039 525 1103 Aa.
546 1038 603 1102 IV.
627 1038 651 1101 I.
674 1039 705 1117 6)
730 1044 755 1102 si
778 1060 837 1102 nos
865 1060 932 1101 non
960 1039 1048 1120 cogit
1075 1039 1217 1109 attamen
1245 1059 1312 1101 non

151 1139 306 1221 prohibet
330 1141 377 1202 bis
399 1140 455 1203 illo
479 1140 530 1203 die
553 1142 700 1202 senatum
722 1142 869 1203 vocatum
895 1159 963 1200 esse
986 1139 1187 1200 existumare.
1225 1137 1312 1212 Quae

149 1261 221 1302 cum
244 1240 290 1303 ita
314 1242 382 1304 sint
405 1262 540 1324 cumque
563 1242 625 1303 iam
649 1242 683 1302 in
707 1237 905 1304 Concordiae
927 1240 1049 1321 templo
1077 1239 1197 1321 gratias
1226 1244 1312 1302 actas

151 1361 220 1403 esse
242 1341 416 1404 verisimile
438 1342 492 1424 sit,
515 1341 591 1424 quid
615 1342 751 1420 mireris,
768 1340 854 1424 quod
877 1341 911 1402 in
927 1341 983 1402 illa
999 1339 1037 1402 de
1054 1332 1148 1402 domo
1165 1342 1312 1404 oratione

150 1438 262 1504 Cicero
285 1442 414 1505 uberius
439 1464 611 1526 exponens,
635 1442 712 1525 quid
734 1443 769 1505 in
792 1443 892 1505 altero
916 1443 1044 1522 senatu,
1069 1441 1172 1522 quiin
1196 1439 1312 1523 Capi-

148 1543 294 1606 tolium
317 1546 447 1607 vocatus
470 1546 534 1622 est,
569 1543 690 1607 dictum
723 1543 941 1622 factumvesit,
965 1543 1143 1624 gratiarum
1171 1545 1313 1606 actarum

148 1664 216 1706 non
238 1643 351 1707 fecerit
372 1645 593 1708 mentionem?
717 1632 720 1637 ¹
778 1657 781 1662 “

234 1743 298 1807 Sed
313 1745 533 1826 concedamus,
557 1745 590 1808 id
614 1745 699 1828 quod
722 1744 960 1808 concedendum
984 1744 1121 1807 fortasse
1144 1747 1202 1826 est,
1227 1741 1314 1807 Cice·

147 1866 262 1908 ronem
276 1866 379 1927 neque
395 1846 493 1910 fuisse
509 1868 613 1928 neque
637 1847 760 1928 gratias
784 1846 888 1928 egisse
911 1847 945 1907 in
968 1845 1089 1926 templo
1105 1843 1311 1923 Concordiae,

153 1946 207 2008 sed
228 1946 365 2027 primum
383 1951 458 2030 post
480 1947 620 2011 reditum
641 1948 675 2008 in
691 1944 887 2029 Capitolium
908 1948 1042 2009 venisse.
1087 1944 1179 2020 Quod
1202 1946 1229 2008 si
1251 1946 1312 2008 tibi
1360 1995 1365 2005 .

148 2049 360 2129 persuaseris,
388 2068 439 2109 res
467 2049 513 2111 sic
540 2069 574 2111 se
596 2048 746 2111 habebit:
775 2047 879 2111 Domo
902 2067 936 2110 se
958 2047 1079 2128 tenuit,
1108 2048 1142 2107 in
1165 2050 1311 2109 senatum

146 2169 214 2209 non
236 2147 335 2229 venit,
358 2148 425 2211 siue
447 2148 533 2230 quod
556 2150 719 2213 metuebat
736 2147 883 2213 Clodium
905 2150 972 2212 sive
995 2148 1079 2230 quod
1103 2149 1208 2210 minus
1230 2147 1312 2210 vale-

148 2248 212 2310 bat.
233 2248 410 2312 Arcessunt
422 2271 495 2313 eum
509 2251 656 2313 consules
669 2249 743 2332 (ΙΙΙ,
756 2250 785 2313 6.
801 2252 843 2330 7.)
851 2250 939 2312 venit
951 2251 1151 2330 exspectatus
1165 2247 1237 2329 VII,
1250 2249 1311 2329 16).

147 2349 258 2411 multis
281 2350 345 2411 iam
368 2348 461 2412 dictis
485 2351 656 2413 sententiis
679 2351 874 2413 sententiam
895 2353 1029 2431 rogatus
1053 2352 1110 2412 est.
1156 2348 1244 2423 Quae
1259 2371 1312 2412 au-

146 2451 212 2512 tem
229 2448 355 2532 dixerit,
372 2449 422 2512 his
437 2450 505 2533 ipse
521 2454 631 2513 narrat
645 2451 766 2514 verbis:
791 2450 859 2532 (IV,
878 2451 929 2534 10)
953 2452 994 2513 at
1017 2471 1126 2532 quam
1151 2454 1311 2513 senten-

146 2552 241 2612 tiam
267 2549 373 2612 dixi?
394 2552 561 2633 primum
584 2574 664 2615 eam
684 2573 794 2634 quam
818 2553 953 2635 populi
970 2553 1146 2615 sermoin
1164 2551 1310 2613 animis
1410 2574 1414 2580 ·

147 2652 303 2715 nostris
333 2652 413 2734 jam
446 2656 539 2715 ante
568 2653 785 2732 defixerat,
823 2653 964 2717 deinde
993 2675 1072 2716 earn
1095 2674 1192 2734 quae
1225 2655 1310 2714 erat

147 2752 428 2833 superioribus
457 2752 595 2816 diebus
624 2755 780 2835 agitata
808 2755 847 2816 in
874 2757 1031 2835 senatu,
1057 2753 1202 2817 deinde
1225 2774 1309 2815 earn

147 2873 261 2933 quam
289 2856 456 2916 senatus
488 2854 678 2935 frequens
710 2859 806 2937 tum,
839 2875 920 2917 curn
954 2854 1050 2917 mihi
1080 2858 1140 2917 est
1166 2853 1310 2917 adsen-

146 2974 210 3016 sus
220 3003 229 3035 ,
251 2958 411 3017 secutus
428 2958 497 3018 est.
522 2954 713 3018 Offendebat
728 2977 838 3018 omnes
856 2956 1049 3038 interpretes
1065 2955 1117 3017 hic
1133 2957 1309 3037 gratiarum

145 3055 345 3118 mentionem
366 3077 433 3119 non
453 3055 534 3118 fieri.
563 3052 647 3118 Cave
668 3058 775 3120 autem
798 3058 841 3120 sis
859 3057 1021 3119 existimes
1036 3055 1075 3118 ad
1088 3058 1209 3137 gratias
1223 3061 1308 3119 actas

144 3154 315 3218 referenda
327 3157 456 3220 essevel
467 3156 561 3219 haec:
578 3178 689 3239 quarn
703 3157 843 3239 populi
860 3179 983 3220 sermo
999 3158 1039 3219 in
1055 3157 1197 3219 animis
1220 3179 1310 3219 nos-

144 3258 222 3320 tris
236 3258 315 3340 jam
332 3259 423 3320 ante
439 3257 655 3339 defixerat,
672 3257 827 3321 velhaec:
844 3257 920 3341 (III,
938 3260 970 3338 7)
984 3280 1065 3320 curn
1081 3250 1197 3320 tanta
1211 3258 1309 3320 mul-

145 3357 280 3420 titudo
303 3358 448 3421 civium
469 3380 525 3421 nie
547 3359 592 3421 ad
616 3358 1055 3440 referendam-gratiam
1070 3359 1308 3422 nominatim

145 3462 352 3541 vocarent,
366 3479 446 3540 quae
459 3459 497 3521 ad
512 3481 580 3522 rem
591 3459 834 3523 frumentariam
846 3464 990 3543 spectare
1010 3461 1044 3523 in
1062 3460 1232 3542 propatulo
1249 3465 1307 3522 est.

146 3557 234 3632 Quae
251 3579 322 3622 cum
334 3561 380 3623 ita
392 3561 468 3642 sint,
482 3561 537 3642 qui
549 3560 669 3624 factum
685 3561 737 3645 sit,
753 3565 789 3624 ut
799 3583 931 3644 prorsus
940 3562 1061 3643 gratias
1069 3563 1154 3623 actas
1162 3560 1309 3624 dissimu-

147 3659 241 3741 leret,
255 3659 656 3743 explicandumnobiserit.
669 3660 761 3724 Nihil
770 3670 877 3725 autem
888 3662 928 3724 ad
941 3683 1007 3724 rem
1020 3661 1052 3724 id
1065 3661 1150 3742 quod
1162 3661 1308 3724 Blatzius

146 3761 241 3824 offert
257 3765 299 3843 (p.
318 3762 388 3843 16):
413 3762 464 3824 die
480 3761 653 3824 Aechtlreit
668 3762 745 3826 oder
760 3762 939 3826 thcilweise
956 3761 1130 3826 Aechtheit
1152 3763 1208 3825 der
1221 3761 1309 3825 Rede

143 3865 219 3944 post
254 3861 394 3925 reditum
432 3862 471 3925 ad
507 3865 654 3925 senatum
684 3868 941 3946 vorausgesetzt,
977 3864 1055 3927 oder
1083 3861 1184 3926 selbst
1213 3884 1308 3926 wenn

144 3960 255 4026 Cicero
271 3963 362 4026 nicht
376 3964 427 4026 ihr
443 3963 612 4026 Verfasser
633 3965 687 4045 ist,
711 3968 856 4028 miissten
878 3965 946 4028 sich
968 3966 1003 4027 in
1027 3964 1195 4027 derselben
1216 3963 1307 4025 nicht

55 4122 60 4130 .
143 4063 385 4146 Andeutungen
415 4062 491 4126 oder
518 4063 849 4149 Entschuldigungen
878 4086 989 4148 wegen
1019 4065 1073 4129 des
1103 4066 1308 4147 verspateten

142 4163 359 4228 Erscheinens
381 4161 517 4228 Cicero's
537 4166 582 4228 im
606 4164 714 4248 Senat,
737 4187 850 4248 wegen
865 4165 1137 4247 Unterbrechung
1159 4164 1215 4227 der
1231 4164 1309 4227 Ver·

142 4265 355 4348 handluugen
377 4265 478 4329 durch
505 4267 594 4329 seina
616 4266 927 4350 Dankestiusserung
949 4266 1140 4331 vorfinden?
1166 4264 1250 4329 Nam
1272 4266 1307 4327 in
