3030 4754
678 342 905 403 -20-’

200 512 275 575 hoc:
300 511 355 574 aut
377 507 524 592 τοσαύτη
546 507 605 585 τὰς
627 511 741 584 πόλεις
771 510 856 592 χαρά
877 510 933 573 καὶ
957 511 1088 593 σπουδή
1116 507 1195 585 τούς
1223 508 1362 593 ἀνθρώ-

178 610 181 617 ’
200 636 282 686 πους
303 611 380 693 περὶ
401 611 462 693 τήν
482 608 669 692 ἀπάντησιν
686 606 789 692 εἶχεν,
806 609 891 674 ὥστε
906 608 944 674 τὸ
962 610 1069 693 ῥηθὲν
1092 609 1158 675 ὑπό
1170 614 1362 695 Κικέρωνος

199 711 346 794 ὕστερον
377 711 594 792 ἐνδεέστερον
624 707 711 776 εἶναι
747 717 805 794 τῆς
840 709 1017 795 ἀληθείας,
1061 715 1125 795 ἔφη
1161 715 1223 795 γὰρ
1257 712 1363 777 αὑτὸν

202 814 256 878 ἐπὶ
266 818 335 876 τῶν
345 812 446 895 ὤμων
457 813 518 895 τὴν
529 810 678 876 Ἰταλίαν
690 813 864 895 φέρουσαν
877 815 924 889 εἰς’
936 812 998 896 τὴν
1011 815 1134 897 Ρσίμην
1146 815 1360 895 εἰσενεγκεῖν.

200 914 299 978 Nulla
320 916 422 996 igitur
445 913 600 976 adventus
629 915 667 976 fit
694 915 816 977 mentio
846 916 880 977 in
903 915 967 977 illis
990 916 1103 997 primis
1126 918 1200 997 post
1222 915 1361 978 reditum

150 1049 153 1053 ·
202 1016 418 1097 orationibus3
442 1014 527 1095 quod
555 1018 710 1095 quantum
733 1015 851 1078 habeat
873 1016 1060 1079 offensionis
1084 1016 1147 1079 dici
1168 1019 1222 1080 vix
1243 1020 1362 1100 potest,

200 1139 270 1179 cum
293 1117 383 1179 nullo
407 1115 502 1179 modo
526 1136 597 1177 cum
622 1113 732 1178 Cicero
756 1116 885 1178 silentio
910 1117 1127 1180 dissimulasse
1143 1118 1227 1180 credi
1243 1119 1362 1201 possit3

200 1218 341 1281 reditum
365 1219 472 1293 autem
496 1217 598 1297 qualis
629 1215 728 1278 fuerit
749 1217 916 1299 respicias:
944 1221 1091 1280 senatum
1120 1239 1285 1299 egressum
1307 1219 1363 1281 ille

201 1319 283 1381 vidit
301 1319 521 1402 populumque
544 1318 728 1380 universum
752 1320 784 1380 et
811 1318 914 1399 ipsam
941 1317 1074 1382 Romam
1103 1341 1203 1401 prope
1236 1321 1365 1383 convul-

200 1442 268 1483 sam
292 1418 421 1482 sedibus
445 1419 527 1495 suia,
551 1420 618 1480 eius
640 1419 742 1500 ipsius
764 1421 801 1479 ut
829 1419 934 1480 verbis
963 1423 1050 1502 utar,
1081 1420 1118 1482 ad
1153 1421 1364 1502 complecten-

200 1529 274 1583 dum
299 1522 556 1583 conservatorem
579 1541 670 1581 suum
693 1519 855 1601 progredi,
878 1520 924 1582 ita
946 1541 1015 1582 sese
1038 1527 1201 1602 acceptum
1224 1543 1303 1603 esse,
1326 1525 1364 1584 nt

199 1644 266 1685 non
294 1621 390 1684 modo
420 1620 562 1682 omnium
586 1640 739 1701 generum
770 1623 911 1683 aetatum
939 1621 1087 1684 ordinum
1111 1644 1222 1685 omnes
1245 1625 1305 1686 viri
1330 1628 1363 1687 et

200 1725 349 1786 mulieres
373 1721 477 1786 omnin
506 1720 655 1783 fortunae
683 1741 718 1783 ac
746 1721 808 1784 loci
836 1721 889 1783 sed
919 1724 1016 1784 etiam
1038 1724 1165 1786 moenia
1187 1725 1257 1805 ipsa
1279 1724 1364 1788 vide·

200 1829 313 1887 rentur
336 1828 369 1886 et
390 1825 475 1885 tecta
497 1821 585 1884 urbis
609 1843 644 1884 ac
666 1824 787 1904 templa
801 1823 934 1885 laetari.'
967 1822 996 1885 A
1014 1823 1108 1905 plebe
1124 1824 1234 1887 infima
1248 1825 1363 1907 plausu

201 1926 341 1988 maximo
370 1923 546 2005 gratulatio
576 1923 604 1985 ei
635 1926 683 1985 est
712 1923 911 2005 significata,
934 1925 1047 2006 plausu
1071 1929 1103 1987 et
1125 1924 1306 2006 frequentia
1328 1927 1362 1987 in

201 2025 397 2108 Capitolium
413 2027 462 2086 est
477 2023 664 2086 celebratus.
709 2023 845 2105 Propter
867 2045 962 2105 quam
986 2026 1211 2090 salutationem
1234 2025 1365 2100 honori·

202 2128 444 2189 ficeutissimam
468 2128 501 2187 et
523 2124 799 2212 exoptatissimam
821 2125 892 2206 quis
915 2127 1051 2207 negabit
1066 2126 1213 2190 Ciceroni
1241 2129 1364 2210 gratias

203 2226 345 2310 agendas
369 2227 491 2289 luisse?
515 2246 609 2307 quem
632 2224 803 2288 admodum
825 2228 931 2288 autem
946 2229 1055 2308 potest
1075 2227 1224 2308 explicari
1239 2229 1273 2289 in
1290 2229 1364 2291 dua-

200 2330 260 2392 bus
283 2331 358 2411 post
372 2327 511 2390 reditum
528 2327 744 2408 orationibus,
768 2327 884 2408 quibus
900 2350 965 2391 non
983 2329 1091 2410 potuit
1107 2328 1163 2390 sed
1179 2329 1235 2390 ubi
1253 2328 1364 2392 debuit

200 2431 352 2494 salutatio
375 2429 431 2492 illa
453 2431 710 2511 commemorari,
734 2450 775 2492 ne
797 2451 949 2511 perquam
972 2430 1112 2492 breviter
1140 2429 1268 2510 quidem
1296 2452 1363 2492 rem

201 2532 335 2612 attingi,
373 2532 407 2592 in
444 2530 608 2609 omnibus
646 2551 727 2610 quae
756 2533 868 2610 postea
897 2530 1026 2592 habitae
1056 2533 1132 2591 sunt
1164 2531 1363 2592 orationibus

201 2654 268 2694 non
302 2652 366 2693 uno
400 2632 469 2694 loco
504 2629 558 2693 sed
594 2631 749 2692 sescentis
771 2630 865 2711 locis,
894 2651 960 2692 non
993 2631 1137 2693 modeste
1171 2651 1207 2693 ac
1239 2630 1362 2711 leviter,

201 2733 257 2795 sed
288 2735 478 2813 arroganter
505 2752 607 2813 paene
642 2732 675 2792 et
702 2732 848 2813 pluribus
877 2732 981 2794 verbis
1012 2732 1108 2794 etiarn
1138 2733 1234 2812 atque
1266 2733 1361 2794 etiam

201 2834 288 2895 illius
330 2831 394 2894 diei
441 2831 645 2914 splendorem
687 2833 721 2894 in
763 2832 904 2895 medium
950 2830 1112 2913 proferri?
1174 2830 1252 2916 [cfr.
1292 2832 1363 2893 ille

200 2957 300 2996 unus
333 2933 434 3014 (Mea,
458 2951 532 3014 quo
562 2933 624 2995 die
653 2954 708 2994 me
730 2933 901 3015 populus
924 2931 1122 2994 Romanus
1145 2954 1164 2995 a
1184 2934 1302 3014 porta
1323 2933 1363 2994 in

202 3033 451 3116 Capitolium
475 3055 543 3096 sua
576 3033 820 3095 celebritate
855 3034 1100 3113 laetitiaque
1129 3033 1363 3097 honestavit

176 3136 451 3213 comitatum,
480 3135 621 3196 tantae
654 3133 751 3195 mihi
779 3133 1029 3196 iucunditati
1057 3134 1137 3195 fuit
1165 3136 1202 3196 et
1232 3155 1294 3215 q.s
1324 3133 1362 3197 de

202 3236 286 3299 dom.
310 3233 460 3299 XXVIII.
484 3235 533 3296 76.
570 3233 626 3296 Ad
655 3235 790 3296 urbem
818 3255 995 3297 accessus
1023 3235 1271 3297 incredibili
1297 3234 1363 3297 ho·

201 3338 350 3399 minum
381 3335 646 3398 multitudine
680 3337 719 3398 et
752 3335 1034 3417 gratulatione
1065 3334 1266 3418 florebat,
1303 3357 1362 3418 pro

203 3441 286 3506 Sest.
309 3435 427 3500 LXIII.
453 3437 522 3500 131.
567 3435 675 3500 Unus
698 3436 770 3498 ille
795 3435 880 3502 dies
908 3437 1006 3499 milri
1029 3436 1182 3517 quidem
1205 3433 1363 3499 immor-⁴

200 3539 383 3602 talitatis
406 3539 537 3602 instar
560 3537 639 3600 fuit
660 3537 695 3599 in
717 3536 781 3601 Pis.
797 3535 899 3603 XXII.
922 3537 985 3621 bl]

286 3639 332 3702 At
355 3639 503 3703 falsarius
527 3637 664 3702 fortasse
686 3638 778 3700 illum
799 3637 921 3700 reditus
950 3638 1034 3700 diem
1061 3639 1261 3702 orationibus
1285 3660 1362 3720 quas

202 3741 340 3804 confecit
373 3741 515 3803 inserere
544 3740 663 3803 omisit.
704 3736 766 3802 Sed
795 3738 885 3801 nullo
914 3738 1008 3802 modo
1038 3739 1210 3802 concedere
1232 3760 1363 3822 possum

107 3901 110 3906 .
203 3865 290 3924 eum,
319 3862 413 3922 quem
442 3839 607 3905 Ciceronis
642 3840 804 3903 orationes
839 3840 1027 3921 compilasse
1055 3840 1183 3923 dicunt,
1218 3841 1362 3903 omisisse

202 3947 298 4026 atque
320 3943 503 4024 neglexisse
531 3941 622 4004 illum
646 3939 685 4003 de
708 3940 813 4004 reditu
834 3940 1012 4003 honorifico
1028 3942 1133 4004 Iocum
1148 3942 1361 4021 notissimum,

203 4067 329 4126 quoque
359 4044 546 4106 exsultaret.
564 4043 667 4106 oratio
684 4042 906 4125 aptissimum.
952 4040 1010 4104 Sit¹
1024 4043 1110 4104 enlm
1132 4042 1193 4104 tibi
1213 4040 1276 4122 ipsi
1290 4061 1364 4121 pro·

202 4147 362 4228 positum,
394 4147 431 4206 ut
463 4141 627 4207 Ciceronis
661 4141 787 4205 dicendi
820 4143 950 4205 imitans
985 4163 1087 4224 genus
1121 4141 1362 4221 oratiunculam,

204 4267 266 4328 qua
292 4247 416 4330 gratiae
431 4245 550 4328 populo
567 4243 710 4327 agendae
732 4246 855 4327 esseut,
878 4265 1065 4327 componas,
1092 4265 1200 4307 nonne
1215 4241 1362 4326 inprimis
