3030 4754
664 354 874 415 „17-

189 523 266 586 ditis
298 521 378 585 illud
411 525 460 584 est
487 520 716 585 deducendum.
762 521 907 603 Itemque
935 543 973 584 ex
1004 523 1083 584 actis
1112 526 1241 586 senatus
1270 544 1350 604 quae

188 622 305 687 Caesar
342 624 424 685 inIto
463 623 603 686 consulis
644 623 767 686 honore
803 625 925 705 primus
962 625 1106 686 omnium
1140 624 1283 687 instituit
1315 628 1351 686 ut

187 725 444 806 publicarentur,
479 727 512 786 et
544 724 635 786 licuit
667 725 715 785 illi
747 725 825 787 satis
860 724 989 787 illorum
1019 723 1144 786 dierum
1171 727 1350 788 accuratam

188 824 316 887 haurire
345 825 512 888 scientiam
535 827 568 887 et
589 826 768 907 repperisse
798 846 866 887 sese
894 846 968 887 vera
996 825 1151 906 quaedam
1180 826 1249 908 ipse
1277 847 1350 888 cou-

188 926 299 988 fitetur
322 926 354 1006 (l.
377 925 464 992 LIII.
487 946 512 988 c.
539 926 600 1004 19).
645 925 728 1000 Quid
752 925 837 1007 quod
860 927 1018 990 nonnulla
1046 948 1085 989 ex
1106 927 1239 989 Asconii
1267 947 1350 989 corn-

186 1028 354 1089 mentariis
376 1026 503 1089 videtur
525 1027 739 1108 excerpsisse?
771 1026 840 1106 (cfr.
864 1025 1024 1090 Grasshof
1048 1048 1078 1108 p.
1107 1027 1178 1107 30),
1213 1048 1292 1108 quos
1321 1029 1348 1089 si

186 1127 340 1190 hocloco
364 1130 413 1190 est
435 1131 576 1202 secutae,
605 1129 683 1191 satis
707 1131 756 1190 est
777 1127 909 1191 idoneos
933 1131 1076 1190 auctores
1100 1133 1236 1192 secutus.
1285 1126 1348 1191 Sed

188 1228 398 1292 concedamus
423 1230 558 1310 optimos
580 1229 609 1291 ei
631 1229 665 1290 in
687 1231 839 1311 promptu
862 1229 961 1291 tuisse
983 1228 1105 1310 fontes3
1133 1251 1246 1310 parum
1276 1251 1348 1291 eum

185 1329 361 1410 diligenter
376 1329 521 1391 fontibus
537 1329 699 1391 interdum
723 1351 791 1392 esse
815 1352 907 1392 usum
929 1330 1184 1406 meminerimus,
1208 1330 1246 1391 ad
1264 1329 1347 1393 arbi-

184 1430 282 1492 trium
317 1431 419 1493 multa
452 1430 600 1512 inprimis
630 1431 664 1492 in
693 1431 738 1494 eis
768 1451 845 1512 quas
875 1431 1068 1512 composuit·
1084 1431 1284 1494 orationibus
1308 1431 1347 1494 de

184 1552 242 1592 suo
271 1529 458 1608 addentem,
493 1531 640 1613 plurimis
668 1532 746 1595 loeis
778 1553 882 1614 neque
914 1532 1069 1612 temporis
1099 1531 1197 1594 ullam
1229 1531 1346 1596 habere

184 1632 343 1693 rationem
374 1652 478 1713 neque
512 1630 579 1694 dies
607 1633 754 1714 singulos
783 1635 896 1695 notare
924 1654 1028 1714 neque
1056 1634 1185 1714 singula
1213 1635 1250 1695 ut
1278 1634 1346 1716 ipse

183 1731 304 1794 fatetur
342 1730 406 1812 (LI,
433 1731 469 1812 l.)
506 1734 669 1814 persequi,
715 1732 893 1796 cuiusmodi
933 1736 1037 1796 errata
1070 1755 1172 1815 paene
1202 1735 1347 1797 innume·

183 1833 299 1895 rabilia
328 1836 361 1895 et
389 1833 559 1896 Fabricius
589 1836 621 1896 et
650 1833 815 1897 Reimarus
844 1835 1052 1897 contulerunt
1079 1837 1111 1896 et
1140 1833 1344 1898 Drumanuus

184 1929 223 1995 de
246 1937 391 2015 tempore
413 1935 488 2017 post
503 1931 653 1997 Caesaris
669 1937 806 1997 mortem
829 1936 864 1996 in
878 1935 981 1997 lucem
996 1935 1164 2017 protraxit.
1194 1934 1346 1998 Fortasse

183 2034 280 2095 etiam
312 2035 373 2097 hoe
403 2035 473 2098 loco
506 2035 678 2098 manifesto
714 2056 785 2098 eum
821 2035 898 2098 licet
934 2039 1093 2098 errantem
1131 2035 1344 2118 deprendere:

182 2133 317 2196 Etenim
345 2135 471 2198 videtur
493 2138 549 2198 aut
572 2132 700 2199 Cassius
724 2136 786 2200 Dio
808 2139 865 2199 aut
886 2137 930 2217 ia,
954 2158 971 2199 e
993 2137 1089 2200 cuius
1104 2136 1195 2199 libris
1225 2137 1343 2215 hausit,

181 2239 337 2298 nontam
359 2237 537 2318 inspexisse
559 2237 767 2318 epistularum
789 2238 881 2300 illum
903 2238 1009 2301 Iocum
1031 2259 1127 2318 quam
1149 2235 1189 2299 ad
1212 2238 1344 2300 verbum

180 2358 282 2419 paene
318 2337 538 2419 transtulisse,
582 2337 728 2400 conferas
767 2339 867 2400 enim:
911 2339 950 2400 iu
994 2341 1137 2400 senatu
1182 2340 1343 2401 senatui

181 2439 342 2521 gratias
366 2441 397 2500 et
420 2436 541 2534 χάριν(
563 2441 609 2521 τῇ
624 2436 930 2534 βουλῇκατοὶτὸ
947 2430 1185 2519 συνέδριον,
1209 2439 1342 2502 deinde:

180 2561 264 2602 curn
294 2541 400 2601 esset
427 2560 608 2602 annonae
637 2562 782 2604 summa
810 2541 959 2604 caritas
988 2542 1021 2601 et
1052 2542 1172 2621 λιμοῦ
1201 2534 1342 2620 γὰρ-ἐν

180 2644 226 2722 τῇ
254 2638 374 2702 πόλει
403 2641 578 2720 ἰσχυροῦ
608 2639 858 2725 γενομένου,
892 2645 976 2703 tum:
1013 2643 1045 2702 et
1078 2641 1260 2703 homiues
1294 2639 1341 2702 ad

180 2739 382 2804 theatrum
403 2741 550 2822 primo,
581 2741 725 2804 deinde
749 2742 795 2804 ad
824 2746 1003 2805 senatum
1031 2744 1341 2804 concurrIssent

181 2842 231 2902 et:
254 2840 320 2904 καὶ
342 2843 415 2903 τοῦ
439 2837 586 2924 ὁμίλου
609 2839 875 2917 scortatore
898 2838 941 2904 cd
961 2840 1145 2923 θέατρον
1161 2842 1340 2924 culpator

178 2945 303 3003 τοῦτο
341 2943 409 3003 καὶ
452 2941 491 3016 ἐς
535 2944 577 3005 rd
607 2941 869 3007 Καπιτώλιον
904 2939 1075 3017 dulcoris
1110 2941 1341 3023 douleusate

179 3040 514 3122 συνεδρεύοντας
538 3042 859 3126 ἐσπηδήσαντος.
892 3043 967 3108 Non
990 3044 1211 3125 compilavisse
1234 3046 1340 3106 autam

178 3138 282 3201 solum
305 3140 441 3205 Dionem
463 3144 556 3206 illum
578 3144 683 3206 locum
706 3145 761 3208 sed
785 3144 967 3208 confudisse
990 3145 1031 3207 ob
1055 3166 1124 3206 eam
1146 3166 1213 3206 rem
1237 3146 1339 3208 conie-

178 3241 285 3320 cerIm,
310 3242 395 3324 quod
419 3243 528 3306 eadem
551 3245 648 3308 verba
670 3268 827 3328 usurpans
850 3249 945 3326 atqua
968 3242 1079 3307 Cicero
1113 3244 1180 3320 [cfr.
1205 3267 1337 3311 omncs

176 3344 444 3424 magistratus
488 3347 746 3427 (contionem)
789 3345 987 3409 dederunt
1034 3345 1338 3427 παρασχόντων

175 3445 283 3525 αὐτῷ
306 3447 385 3506 τῶν
407 3440 588 3521 ὑπάτων]
611 3439 680 3510 'eam
710 3460 805 3530 quani
835 3444 945 3511 Cicero
967 3451 1060 3529 post
1082 3449 1275 3510 sententiam
1298 3448 1337 3512 de

174 3564 304 3606 annona
326 3543 443 3608 dictam
465 3551 694 3611 commemorat
715 3551 898 3612 contionem
921 3560 1038 3611 antea
1052 3547 1195 3611 habitam
1210 3549 1338 3612 videtur

177 3645 382 3714 contendere.
425 3647 527 3722 Quem
555 3649 591 3711 in
618 3670 758 3712 errorem
787 3654 840 3731 qui
868 3648 988 3712 factum
1018 3650 1061 3711 sit
1088 3652 1124 3712 ut
1155 3652 1335 3732 raperetur,

173 3750 237 3809 aut·
251 3744 348 3810 fallor
371 3750 427 3810 aut
448 3748 534 3812 infra
555 3772 606 3813 me
628 3771 722 3832 posse
746 3751 902 3833 explicare
932 3771 1025 3831 spero
1053 3753 1202 3831 optoque.
1248 3748 1335 3823 Quae

174 3869 246 3910 cum
268 3848 315 3910 ita
337 3850 418 3927 sint,
451 3869 584 3931 cumque
608 3873 659 3930 ea,
695 3872 774 3932 quae
797 3874 816 3913 a
837 3850 942 3913 Dione
965 3850 1060 3912 nobis
1083 3849 1268 3929 traduntur,
1302 3855 1334 3913 et

172 3969 230 4028 per
251 3969 286 4011 se
308 3949 377 4011 sola
400 3949 478 4012 satis
500 3949 641 4014 habeant
663 3952 854 4032 suspicionis
877 3955 909 4014 et
932 3950 1114 4032 discrepent
1136 3947 1334 4014 aCiceronis

174 4047 231 4110 illo
254 4070 319 4111 uno
344 4049 488 4112 omnium
515 4053 652 4114 maxime
679 4052 774 4114 nobis
802 4049 1002 4133 respiciendo
1031 4051 1233 4132 testimonio,
1267 4072 1335 4114 non

173 4151 303 4229 poterit,
328 4150 383 4232 qui
405 4148 446 4213 ad
467 4151 532 4214 vim
554 4151 700 4215 veritatis
717 4172 785 4214 non
799 4172 930 4234 prorsus
946 4151 1139 4233 occalluerit,
1156 4151 1334 4215 ullomodo

172 4248 309 4313 infitiari
339 4251 424 4314 iusto
452 4251 521 4315 iure
550 4251 740 4316 Teuffclium
770 4252 896 4333 (Gesch.
926 4251 983 4314 der
1002 4251 1095 4315 Rom.
1118 4250 1197 4316 Litt.
1219 4274 1250 4335 p.
1271 4253 1334 4316 304

1115 4357 1130 4404 2
