3030 4754
648 335 859 399 ..23-

173 508 347 570 multitudo
384 528 530 570 annonae
564 505 696 567 caritate
725 504 921 577 tumultuata
951 506 999 565 est
1031 501 1196 589 [memoria
1224 505 1335 586 lapsus

172 608 307 672 Bootius
329 608 382 689 (ad
405 609 502 676 Attio.
517 605 573 687 IV,
597 604 621 671 I.
646 606 677 684 6)
700 605 793 669 ludos
810 605 1013 687 Apollinares
1030 607 1063 668 et
1084 604 1167 667 hanc
1190 627 1336 668 annonae

169 711 339 776 ,caritatem
356 709 394 772 ad
418 708 529 772 Nonas
554 706 640 789 Sept.
663 711 806 789 spectare
834 704 966 791 censetl.
996 705 1112 769 Postea
1134 727 1205 768 eum
1227 728 1337 769 mense

175 810 330 884 Quinctili
353 814 494 873 extremo
511 808 678 891 (Wolfiusz
702 808 771 871 sub
787 807 898 870 Nonas
915 805 1014 887 Sext.)
1031 810 1160 870 senatus
1176 807 1215 870 de
1230 807 1337 871 reditu

174 908 338 975 Ciceronis
363 912 570 988 decrevisset,
594 910 701 973 subito
724 909 781 972 illo
804 909 874 990 ipso
898 906 949 969 die
966 907 1160 970 carissimam
1173 921 1337 971 'annonam

173 1013 367 1094 necopinata
378 1013 484 1075 vilitas
498 1014 668 1074 consecuta
677 1014 734 1074 est,
752 1007 960 1096 [dedomlIL
978 1009 1031 1091 143
1043 1009 1099 1072 cfr.
1109 1010 1205 1072 etiam
1212 1008 1268 1087 VI,
1283 1011 1336 1072 15:

174 1110 1337 1195 erantquideosimmortalesidquodegosentionumine

174 1237 240 1278 suo
264 1215 438 1278 reditum
453 1236 576 1276 meum
598 1219 653 1293 (sc.
677 1212 879 1275 decretum
902 1210 947 1274 de
969 1233 1053 1274 meo
1069 1210 1220 1293 reditu)
1238 1212 1337 1275 dice-

173 1319 265 1379 rent
292 1312 596 1398 oomprobasse.]
633 1311 713 1376 Cum
739 1316 846 1376 autem
866 1313 971 1394 pridie
991 1311 1076 1376 Non.
1100 1311 1187 1395 Sept.
1202 1312 1337 1376 Romam

173 1419 311 1497 veniret,
328 1416 445 1480 iterum
461 1436 589 1478 annona
604 1413 690 1478 facta
706 1418 755 1477 est
770 1413 880 1477 durior
895 1413 963 1494 (cfr.
981 1414 1020 1476 ad
1036 1414 1104 1478 Att.
1120 1413 1178 1492 IV,
1201 1414 1242 1496 Il,
1259 1415 1278 1477 6
1295 1437 1337 1478 eo

174 1517 238 1580 bid
253 1539 300 1580 uo
317 1538 400 1580 cum
416 1518 525 1579 esset
541 1537 700 1578 annona
716 1537 862 1578 summa
877 1515 1036 1579 caritas
1054 1514 1097 1578 de
1114 1513 1209 1579 domo
1222 1515 1279 1596 Vr,
1299 1517 1338 1580 15

174 1640 335 1681 annona
362 1618 453 1699 quia
475 1638 617 1680 rursus
640 1617 680 1679 in
702 1636 788 1679 meo
804 1615 1060 1680 reditufacta
1077 1617 1337 1698 cratdurior.)

261 1718 385 1793 Quibus
402 1719 554 1800 expositis
573 1739 654 1799 quae
669 1718 703 1779 in
718 1717 783 1780 illis
798 1720 873 1800 post
894 1717 1034 1780 reditum
1049 1719 1171 1784 duabus
1187 1721 1340 1782 orationi-

174 1821 234 1882 bus
258 1842 294 1883 ea
317 1820 356 1882 de
378 1841 412 1882 re
434 1820 658 1901 inveniantur,
682 1822 826 1882 accurate
848 1840 965 1900 quaeso
989 1820 1166 1883 examines:
1192 1828 1337 1898 mecum

175 1923 295 1984 etiam
322 1919 484 2001 frugum
511 1920 673 1982 ubertas
706 1940 853 1982 mecum
880 1919 1040 1984 deorum
1068 1924 1108 1983 et
1134 1920 1337 1984 hominum

95 2002 104 2015 ⁶
174 2023 427 2084 sanctitates
450 2023 487 2083 et
509 2020 736 2101 religiones
752 2020 943 2084 afuerunt
959 2042 1055 2102 quae
1072 2022 1104 2083 si
1120 2021 1337 2104 aliquando

174 2125 478 2202 revocarentur,
501 2120 794 2203 intellegebam
816 2121 915 2184 mihi
938 2122 1131 2186 cumillis
1155 2145 1338 2186 unaesse

173 2221 420 2287 redeundum
437 2221 476 2284 ad
492 2243 559 2286 sen.
572 2221 660 2298 XIV,
683 2223 725 2286 34
744 2221 822 2285 diis
846 2221 1017 2304 denique
1040 2224 1337 2287 immortalibus

174 2326 336 2407 frugum
358 2322 544 2386 ubertate
567 2324 680 2404 copia
702 2322 866 2385 vilitate
888 2322 1064 2385 reditum
1087 2346 1214 2388 meum
1236 2346 1339 2387 com-

174 2424 452 2508 probantibus
468 2423 511 2486 ad
531 2423 637 2502 Quir.
654 2422 746 2502 VIII,
765 2422 813 2486 18.
848 2423 940 2486 Talia
958 2444 1032 2487 vero
1051 2425 1121 2507 quis
1138 2427 1266 2507 putabit
1282 2428 1338 2488 aut

175 2527 298 2609 scripta‘
308 2524 432 2588 dictave
445 2545 514 2588 esse
531 2526 586 2587 aut
598 2524 695 2587 scribi
708 2525 1080 2607 omninopotuisseprid.
1090 2525 1174 2594 Non,
1184 2530 1215 2588 et
1224 2525 1336 2605 Nonis,

174 2650 237 2710 quo
250 2631 394 2709 tempore
406 2648 475 2689 non
487 2627 551 2688 iam
565 2626 680 2688 caritas
694 2625 877 2703 timebatur,
890 2625 945 2688 sed
961 2627 1057 2708 plane
1070 2627 1181 2709 inopia
1195 2648 1230 2690 ac
1237 2627 1337 2690 fames

174 2730 242 2812 (cfr.
250 2729 289 2791 de
297 2728 392 2790 domo
401 2726 443 2807 V,
453 2726 513 2807 11).
530 2726 636 2789 Affert
650 2727 752 2808 igitur
765 2725 975 2790 Markland‘us
989 2727 1083 2790 haec:
1095 2726 1121 2791 Ο
1135 2749 1267 2791 casum
1279 2728 1338 2792 in·

174 2831 336 2894 felicem
354 2849 428 2909 quo
449 2827 631 2908 contigit
651 2831 693 2889 ut
714 2827 802 2909 ipso
818 2825 1014 2891 Cicerone
1030 2830 1134 2891 teste
1149 2829 1337 2911 cognori-

173 2954 254 2995 mus
272 2929 397 2994 Nouis
415 2925 519 3010 Sept.
535 2934 574 2991 et
588 2927 719 3010 pridie
735 2929 818 2992 eius
836 2928 919 2991 diei
941 2928 1185 2991 frumentum
1208 2951 1339 2992 omne·

54 3116 57 3119 Ι
174 3029 1337 3114 quegenusannonaeinurbeartissimumetoarissimum

175 3132 310 3195 fuisse.
380 3130 453 3194 Hic
495 3129 612 3212 plane
655 3128 947 3211 deprehensum
989 3131 1090 3193 huno
1137 3134 1339 3194 auctorem

175 3233 363 3296 habemus
391 3235 588 3312 tamquam
617 3229 941 3294 manifestarium
969 3232 1230 3313 impostorem
1268 3252 1339 3293 neo

175 3333 355 3397 difficile
384 3335 445 3395 est
473 3331 595 3394 huius
622 3331 685 3393 vel
712 3330 899 3396 fictionis
922 3331 984 3395 vel
1007 3332 1155 3395 erroris
1185 3332 1338 3395 fontem

174 3434 381 3516 indagare.
425 3431 576 3514 Nempe
599 3432 835 3495 meminerat
857 3432 994 3496 rhetor
1015 3432 1123 3496 lente
1145 3435 1184 3495 in
1205 3456 1338 3497 museo

175 3535 359 3597 scribens
397 3530 1338 3599 ubCiceronisreditumltomaememorabilem

175 3638 216 3699 in
238 3555 587 3718 opiamlrumenri
610 3637 648 3696 et
670 3635 798 3697 omnis
821 3655 1006 3697 annonae
1036 3633 1166 3697 fuisse
1194 3634 1339 3698 deinde

175 3758 269 3800 vero
293 3757 373 3800 eam
396 3736 467 3798 sub
491 3735 662 3798 levatam
684 3734 1120 3818 quadamlegeabipso
1137 3731 1337 3799 Cicerone

173 3837 419 3922 proposita*.
472 3833 535 3899 Sed
561 3837 725 3918 perspexit
752 3837 817 3898 iam
845 3836 1023 3901 Gessnerus
1055 3839 1087 3899 et
1113 3837 1183 3899 iure
1216 3837 1338 3919 optimo

175 3938 344 4003 contendit
355 3958 437 4014 eum,
450 3936 504 4019 qui
516 3937 572 3999 illa
582 3937 695 4001 verba:
712 3936 771 4000 dis
787 3936 951 4002 vilitate
967 3937 1338 4020 comprobantibus,

175 4127 377 4136 m*—

259 4259 274 4291 *
291 4256 339 4310 cfr.
352 4255 417 4309 edit.
431 4255 517 4308 Wolf.
533 4272 559 4322 p.
572 4261 605 4309 67
624 4255 659 4308 ad
679 4256 745 4308 orat.
760 4272 786 4322 p.
799 4254 855 4313 red.
870 4255 942 4320 XIV,
960 4263 1001 4310 34.
