<?xml version="1.0" encoding="UTF-8"?>
<!DOCTYPE html PUBLIC "-//W3C//DTD XHTML 1.0 Transitional//EN"
    "http://www.w3.org/TR/xhtml1/DTD/xhtml1-transitional.dtd">
<html xmlns="http://www.w3.org/1999/xhtml" xml:lang="en" lang="en">
 <head>
  <title>
</title>
<meta http-equiv="Content-Type" content="text/html;charset=utf-8" />
  <meta name='ocr-system' content='tesseract 3.04.00' />
  <meta name='ocr-capabilities' content='ocr_page ocr_carea ocr_par ocr_line ocrx_word'/>
</head>
<body>
  <div class='ocr_page' id='page_1' title='image "./deciceronisalte00langgoog_0027.png"; bbox 0 0 3030 4754; ppageno 0'>
   <div class='ocr_carea' id='block_1_1' title="bbox 672 311 882 372">
    <p class='ocr_par' dir='ltr' id='par_1_1' title="bbox 672 311 882 372">
     <span class='ocr_line' id='line_1_1' title="bbox 672 311 882 372; baseline 0 -16"><span class='ocrx_word' id='word_1_1' title='bbox 672 349 708 356; x_wconf 71' lang='grc'>-.</span> <span class='ocrx_word' id='word_1_2' title='bbox 755 311 882 372; x_wconf 64' lang='grc'>22.,</span> 
     </span>
    </p>
   </div>
   <div class='ocr_carea' id='block_1_2' title="bbox 149 477 1356 1570">
    <p class='ocr_par' dir='ltr' id='par_1_2' title="bbox 149 477 1356 1570">
     <span class='ocr_line' id='line_1_2' title="bbox 190 477 1354 563; baseline 0.003 -23"><span class='ocrx_word' id='word_1_3' title='bbox 190 479 321 560; x_wconf 78' lang='lat' dir='ltr'>respicis</span> <span class='ocrx_word' id='word_1_4' title='bbox 335 478 387 559; x_wconf 93' lang='lat' dir='ltr'>(de</span> <span class='ocrx_word' id='word_1_5' title='bbox 400 478 528 561; x_wconf 84' lang='lat' dir='ltr'>harusp.</span> <span class='ocrx_word' id='word_1_6' title='bbox 539 500 625 560; x_wconf 74' lang='lat' dir='ltr'>resp:</span> <span class='ocrx_word' id='word_1_7' title='bbox 634 478 689 560; x_wconf 93' lang='lat' dir='ltr'>Vl,</span> <span class='ocrx_word' id='word_1_8' title='bbox 705 479 758 563; x_wconf 87' lang='grc'>11)</span> <span class='ocrx_word' id='word_1_9' title='bbox 771 480 1010 543; x_wconf 84' lang='lat' dir='ltr'>testimonium:</span> <span class='ocrx_word' id='word_1_10' title='bbox 1027 477 1186 541; x_wconf 86' lang='lat' dir='ltr'>eandem</span> <span class='ocrx_word' id='word_1_11' title='bbox 1200 479 1354 543; x_wconf 90' lang='lat' dir='ltr'>domum</span> 
     </span>
     <span class='ocr_line' id='line_1_3' title="bbox 149 579 1354 667; baseline 0 -25"><span class='ocrx_word' id='word_1_12' title='bbox 149 646 155 655; x_wconf 65' lang='grc'><strong><em>,</em></strong></span> <span class='ocrx_word' id='word_1_13' title='bbox 188 579 1156 667; x_wconf 83' lang='lat' dir='ltr'>populusltomanus,cuiusestsummupotestas</span> <span class='ocrx_word' id='word_1_14' title='bbox 1180 582 1354 644; x_wconf 90' lang='lat' dir='ltr'>omnium</span> 
     </span>
     <span class='ocr_line' id='line_1_4' title="bbox 189 681 1355 762; baseline 0.002 -20"><span class='ocrx_word' id='word_1_15' title='bbox 189 700 337 762; x_wconf 87' lang='lat' dir='ltr'>rerum,</span> <span class='ocrx_word' id='word_1_16' title='bbox 368 681 544 744; x_wconf 88' lang='lat' dir='ltr'>comitiis</span> <span class='ocrx_word' id='word_1_17' title='bbox 574 681 818 744; x_wconf 88' lang='lat' dir='ltr'>centuriatis</span> <span class='ocrx_word' id='word_1_18' title='bbox 850 682 1023 744; x_wconf 90' lang='lat' dir='ltr'>omnium</span> <span class='ocrx_word' id='word_1_19' title='bbox 1046 683 1226 744; x_wconf 87' lang='lat' dir='ltr'>aetatum</span> <span class='ocrx_word' id='word_1_20' title='bbox 1249 682 1355 745; x_wconf 91' lang='lat' dir='ltr'>ordi-</span> 
     </span>
     <span class='ocr_line' id='line_1_5' title="bbox 189 781 1355 864; baseline 0.002 -20"><span class='ocrx_word' id='word_1_21' title='bbox 189 802 357 862; x_wconf 85' lang='lat' dir='ltr'>numque</span> <span class='ocrx_word' id='word_1_22' title='bbox 385 781 600 863; x_wconf 84' lang='lat' dir='ltr'><strong>suffragiis</strong></span> <span class='ocrx_word' id='word_1_23' title='bbox 630 781 760 844; x_wconf 87' lang='lat' dir='ltr'>eodem</span> <span class='ocrx_word' id='word_1_24' title='bbox 785 783 875 864; x_wconf 89' lang='lat' dir='ltr'>jure</span> <span class='ocrx_word' id='word_1_25' title='bbox 898 803 984 845; x_wconf 85' lang='lat' dir='ltr'>esse</span> <span class='ocrx_word' id='word_1_26' title='bbox 1003 783 1130 864; x_wconf 90' lang='lat' dir='ltr'>jussit</span> <span class='ocrx_word' id='word_1_27' title='bbox 1152 804 1229 864; x_wconf 92' lang='lat' dir='ltr'>quo</span> <span class='ocrx_word' id='word_1_28' title='bbox 1254 782 1355 846; x_wconf 89' lang='lat' dir='ltr'>fuis-</span> 
     </span>
     <span class='ocr_line' id='line_1_6' title="bbox 190 880 1354 965; baseline 0.002 -22"><span class='ocrx_word' id='word_1_29' title='bbox 190 885 272 959; x_wconf 89' lang='lat' dir='ltr'>set,</span> <span class='ocrx_word' id='word_1_30' title='bbox 297 883 323 944; x_wconf 90' lang='lat' dir='ltr'>si</span> <span class='ocrx_word' id='word_1_31' title='bbox 348 883 449 964; x_wconf 84' lang='lat' dir='ltr'>igitur</span> <span class='ocrx_word' id='word_1_32' title='bbox 471 882 574 964; x_wconf 86' lang='lat' dir='ltr'>pridie</span> <span class='ocrx_word' id='word_1_33' title='bbox 590 882 675 945; x_wconf 88' lang='lat' dir='ltr'>Non.</span> <span class='ocrx_word' id='word_1_34' title='bbox 693 881 779 946; x_wconf 81' lang='lat' dir='ltr'>Sext.</span> <span class='ocrx_word' id='word_1_35' title='bbox 794 883 931 965; x_wconf 88' lang='lat' dir='ltr'>populus</span> <span class='ocrx_word' id='word_1_36' title='bbox 949 880 1097 945; x_wconf 78' lang='lat' dir='ltr'>Ciceroni</span> <span class='ocrx_word' id='word_1_37' title='bbox 1113 883 1209 945; x_wconf 87' lang='lat' dir='ltr'>etiam</span> <span class='ocrx_word' id='word_1_38' title='bbox 1225 882 1354 946; x_wconf 88' lang='lat' dir='ltr'>domum</span> 
     </span>
     <span class='ocr_line' id='line_1_7' title="bbox 190 981 1356 1066; baseline 0.004 -22"><span class='ocrx_word' id='word_1_39' title='bbox 190 982 348 1064; x_wconf 79' lang='lat' dir='ltr'>reddidit,</span> <span class='ocrx_word' id='word_1_40' title='bbox 375 1005 483 1046; x_wconf 91' lang='lat' dir='ltr'>nonne</span> <span class='ocrx_word' id='word_1_41' title='bbox 513 984 581 1047; x_wconf 90' lang='lat' dir='ltr'>luce</span> <span class='ocrx_word' id='word_1_42' title='bbox 611 987 661 1046; x_wconf 88' lang='lat' dir='ltr'>est</span> <span class='ocrx_word' id='word_1_43' title='bbox 688 984 820 1066; x_wconf 90' lang='lat' dir='ltr'>clarius,</span> <span class='ocrx_word' id='word_1_44' title='bbox 850 1005 921 1046; x_wconf 90' lang='lat' dir='ltr'>cum</span> <span class='ocrx_word' id='word_1_45' title='bbox 950 1005 1060 1046; x_wconf 88' lang='lat' dir='ltr'>mense</span> <span class='ocrx_word' id='word_1_46' title='bbox 1083 981 1197 1047; x_wconf 78' lang='lat' dir='ltr'>Sextili</span> <span class='ocrx_word' id='word_1_47' title='bbox 1220 987 1253 1046; x_wconf 88' lang='lat' dir='ltr'>et</span> <span class='ocrx_word' id='word_1_48' title='bbox 1269 981 1356 1066; x_wconf 89' lang='lat' dir='ltr'>Sept.</span> 
     </span>
     <span class='ocr_line' id='line_1_8' title="bbox 189 1084 1354 1167; baseline 0.001 -21"><span class='ocrx_word' id='word_1_49' title='bbox 189 1085 251 1146; x_wconf 87' lang='lat' dir='ltr'>iter</span> <span class='ocrx_word' id='word_1_50' title='bbox 281 1085 387 1162; x_wconf 83' lang='lat' dir='ltr'>fieret,</span> <span class='ocrx_word' id='word_1_51' title='bbox 424 1086 459 1146; x_wconf 89' lang='lat' dir='ltr'>in</span> <span class='ocrx_word' id='word_1_52' title='bbox 493 1085 610 1147; x_wconf 90' lang='lat' dir='ltr'>itinere</span> <span class='ocrx_word' id='word_1_53' title='bbox 637 1107 708 1148; x_wconf 89' lang='lat' dir='ltr'>euru</span> <span class='ocrx_word' id='word_1_54' title='bbox 736 1085 1014 1167; x_wconf 86' lang='lat' dir='ltr'>persuasissimum</span> <span class='ocrx_word' id='word_1_55' title='bbox 1041 1085 1191 1148; x_wconf 87' lang='lat' dir='ltr'>habuisse</span> <span class='ocrx_word' id='word_1_56' title='bbox 1225 1084 1354 1148; x_wconf 89' lang='lat' dir='ltr'>domum</span> 
     </span>
     <span class='ocr_line' id='line_1_9' title="bbox 191 1183 1356 1267; baseline 0.001 -21"><span class='ocrx_word' id='word_1_57' title='bbox 191 1186 253 1247; x_wconf 87' lang='lat' dir='ltr'>sibi</span> <span class='ocrx_word' id='word_1_58' title='bbox 270 1185 428 1248; x_wconf 87' lang='lat' dir='ltr'>redditam</span> <span class='ocrx_word' id='word_1_59' title='bbox 446 1185 537 1249; x_wconf 78' lang='lat' dir='ltr'>esse?</span> <span class='ocrx_word' id='word_1_60' title='bbox 561 1183 596 1249; x_wconf 90' lang='lat' dir='ltr'>Si</span> <span class='ocrx_word' id='word_1_61' title='bbox 611 1187 646 1248; x_wconf 91' lang='lat' dir='ltr'>in</span> <span class='ocrx_word' id='word_1_62' title='bbox 660 1186 776 1248; x_wconf 88' lang='lat' dir='ltr'>itinere</span> <span class='ocrx_word' id='word_1_63' title='bbox 792 1185 863 1247; x_wconf 90' lang='lat' dir='ltr'>illas</span> <span class='ocrx_word' id='word_1_64' title='bbox 880 1186 1040 1248; x_wconf 78' lang='lat' dir='ltr'>orationes</span> <span class='ocrx_word' id='word_1_65' title='bbox 1057 1186 1247 1267; x_wconf 78' lang='lat' dir='ltr'>composuit,</span> <span class='ocrx_word' id='word_1_66' title='bbox 1259 1186 1356 1247; x_wconf 86' lang='lat' dir='ltr'>scribi</span> 
     </span>
     <span class='ocr_line' id='line_1_10' title="bbox 190 1285 1355 1369; baseline 0 -21"><span class='ocrx_word' id='word_1_67' title='bbox 190 1287 284 1348; x_wconf 90' lang='lat' dir='ltr'>aliter</span> <span class='ocrx_word' id='word_1_68' title='bbox 313 1287 445 1349; x_wconf 88' lang='lat' dir='ltr'>omnino</span> <span class='ocrx_word' id='word_1_69' title='bbox 475 1308 543 1348; x_wconf 92' lang='lat' dir='ltr'>non</span> <span class='ocrx_word' id='word_1_70' title='bbox 573 1286 718 1369; x_wconf 86' lang='lat' dir='ltr'>potuisse</span> <span class='ocrx_word' id='word_1_71' title='bbox 746 1287 780 1347; x_wconf 91' lang='lat' dir='ltr'>in</span> <span class='ocrx_word' id='word_1_72' title='bbox 808 1285 977 1367; x_wconf 84' lang='lat' dir='ltr'>propatulo</span> <span class='ocrx_word' id='word_1_73' title='bbox 1008 1290 1057 1348; x_wconf 88' lang='lat' dir='ltr'>est</span> <span class='ocrx_word' id='word_1_74' title='bbox 1084 1290 1180 1368; x_wconf 87' lang='lat' dir='ltr'>atque</span> <span class='ocrx_word' id='word_1_75' title='bbox 1201 1286 1299 1350; x_wconf 84' lang='lat' dir='ltr'>hodie</span> <span class='ocrx_word' id='word_1_76' title='bbox 1321 1287 1355 1348; x_wconf 89' lang='lat' dir='ltr'>in</span> 
     </span>
     <span class='ocr_line' id='line_1_11' title="bbox 189 1386 1355 1470; baseline 0.002 -22"><span class='ocrx_word' id='word_1_77' title='bbox 189 1387 254 1453; x_wconf 91' lang='lat' dir='ltr'>illis</span> <span class='ocrx_word' id='word_1_78' title='bbox 275 1388 467 1450; x_wconf 83' lang='lat' dir='ltr'>invenimus,</span> <span class='ocrx_word' id='word_1_79' title='bbox 507 1386 629 1461; x_wconf 76' lang='lat' dir='ltr'>Quibus</span> <span class='ocrx_word' id='word_1_80' title='bbox 646 1386 799 1468; x_wconf 86' lang='lat' dir='ltr'>expositis</span> <span class='ocrx_word' id='word_1_81' title='bbox 820 1386 913 1448; x_wconf 88' lang='lat' dir='ltr'>facile</span> <span class='ocrx_word' id='word_1_82' title='bbox 927 1387 1140 1470; x_wconf 80' lang='lat' dir='ltr'>intellegitur,</span> <span class='ocrx_word' id='word_1_83' title='bbox 1164 1408 1219 1450; x_wconf 88' lang='lat' dir='ltr'>cur</span> <span class='ocrx_word' id='word_1_84' title='bbox 1239 1389 1275 1449; x_wconf 90' lang='lat' dir='ltr'>in</span> <span class='ocrx_word' id='word_1_85' title='bbox 1289 1388 1355 1451; x_wconf 90' lang='lat' dir='ltr'>illis</span> 
     </span>
     <span class='ocr_line' id='line_1_12' title="bbox 188 1487 1356 1570; baseline 0.001 -20"><span class='ocrx_word' id='word_1_86' title='bbox 188 1490 261 1567; x_wconf 88' lang='lat' dir='ltr'>post</span> <span class='ocrx_word' id='word_1_87' title='bbox 288 1488 428 1550; x_wconf 87' lang='lat' dir='ltr'>reditum</span> <span class='ocrx_word' id='word_1_88' title='bbox 455 1488 656 1550; x_wconf 87' lang='lat' dir='ltr'>orationibus</span> <span class='ocrx_word' id='word_1_89' title='bbox 684 1509 788 1568; x_wconf 88' lang='lat' dir='ltr'>neque</span> <span class='ocrx_word' id='word_1_90' title='bbox 823 1487 936 1550; x_wconf 89' lang='lat' dir='ltr'>domus</span> <span class='ocrx_word' id='word_1_91' title='bbox 964 1509 1056 1550; x_wconf 83' lang='lat' dir='ltr'>areae</span> <span class='ocrx_word' id='word_1_92' title='bbox 1084 1509 1218 1570; x_wconf 87' lang='lat' dir='ltr'>araeque</span> <span class='ocrx_word' id='word_1_93' title='bbox 1246 1487 1356 1552; x_wconf 87' lang='lat' dir='ltr'>Liber-</span> 
     </span>
    </p>
   </div>
   <div class='ocr_carea' id='block_1_3' title="bbox 188 1588 1447 1671">
    <p class='ocr_par' dir='ltr' id='par_1_3' title="bbox 188 1588 1447 1671">
     <span class='ocr_line' id='line_1_13' title="bbox 188 1588 1447 1671; baseline 0 -20"><span class='ocrx_word' id='word_1_94' title='bbox 188 1589 266 1651; x_wconf 86' lang='lat' dir='ltr'>tatis</span> <span class='ocrx_word' id='word_1_95' title='bbox 289 1591 411 1652; x_wconf 88' lang='lat' dir='ltr'>mentio</span> <span class='ocrx_word' id='word_1_96' title='bbox 434 1590 490 1652; x_wconf 84' lang='lat' dir='ltr'>liat</span> <span class='ocrx_word' id='word_1_97' title='bbox 512 1593 544 1652; x_wconf 89' lang='lat' dir='ltr'>et</span> <span class='ocrx_word' id='word_1_98' title='bbox 566 1589 743 1671; x_wconf 82' lang='lat' dir='ltr'>gratiorum</span> <span class='ocrx_word' id='word_1_99' title='bbox 767 1588 903 1670; x_wconf 86' lang='lat' dir='ltr'>quadam</span> <span class='ocrx_word' id='word_1_100' title='bbox 925 1588 1122 1651; x_wconf 88' lang='lat' dir='ltr'>abundantia</span> <span class='ocrx_word' id='word_1_101' title='bbox 1143 1589 1231 1652; x_wconf 88' lang='lat' dir='ltr'>illius</span> <span class='ocrx_word' id='word_1_102' title='bbox 1254 1589 1355 1652; x_wconf 88' lang='lat' dir='ltr'>exsul·</span> <span class='ocrx_word' id='word_1_103' title='bbox 1443 1607 1447 1613; x_wconf 82' lang='lat'>·</span> 
     </span>
    </p>
   </div>
   <div class='ocr_carea' id='block_1_4' title="bbox 179 1688 1424 4295">
    <p class='ocr_par' dir='ltr' id='par_1_4' title="bbox 179 1688 1356 2370">
     <span class='ocr_line' id='line_1_14' title="bbox 189 1688 1356 1770; baseline 0 -18"><span class='ocrx_word' id='word_1_104' title='bbox 189 1692 238 1752; x_wconf 88' lang='lat' dir='ltr'>tet</span> <span class='ocrx_word' id='word_1_105' title='bbox 260 1690 374 1752; x_wconf 87' lang='lat' dir='ltr'>oratic.</span> <span class='ocrx_word' id='word_1_106' title='bbox 421 1688 523 1753; x_wconf 88' lang='lat' dir='ltr'>Simul</span> <span class='ocrx_word' id='word_1_107' title='bbox 546 1695 653 1752; x_wconf 84' lang='lat' dir='ltr'>autem</span> <span class='ocrx_word' id='word_1_108' title='bbox 675 1690 788 1752; x_wconf 90' lang='lat' dir='ltr'>urbem</span> <span class='ocrx_word' id='word_1_109' title='bbox 810 1690 959 1770; x_wconf 88' lang='lat' dir='ltr'>intravit,</span> <span class='ocrx_word' id='word_1_110' title='bbox 988 1693 1020 1751; x_wconf 83' lang='lat' dir='ltr'>et</span> <span class='ocrx_word' id='word_1_111' title='bbox 1042 1688 1191 1752; x_wconf 91' lang='lat' dir='ltr'>Clodium</span> <span class='ocrx_word' id='word_1_112' title='bbox 1215 1688 1253 1753; x_wconf 91' lang='lat' dir='ltr'>de</span> <span class='ocrx_word' id='word_1_113' title='bbox 1283 1711 1356 1753; x_wconf 87' lang='lat' dir='ltr'>areu</span> 
     </span>
     <span class='ocr_line' id='line_1_15' title="bbox 191 1788 1356 1872; baseline 0.003 -20"><span class='ocrx_word' id='word_1_114' title='bbox 191 1791 302 1853; x_wconf 87' lang='lat' dir='ltr'>cedere</span> <span class='ocrx_word' id='word_1_115' title='bbox 323 1791 412 1854; x_wconf 87' lang='lat' dir='ltr'>nolle</span> <span class='ocrx_word' id='word_1_116' title='bbox 435 1795 468 1854; x_wconf 93' lang='lat' dir='ltr'>et</span> <span class='ocrx_word' id='word_1_117' title='bbox 488 1794 634 1854; x_wconf 87' lang='lat' dir='ltr'>senatum</span> <span class='ocrx_word' id='word_1_118' title='bbox 659 1788 835 1853; x_wconf 83' lang='lat' dir='ltr'>decrevisse</span> <span class='ocrx_word' id='word_1_119' title='bbox 851 1790 1094 1872; x_wconf 89' lang='lat' dir='ltr'>animadvertit,</span> <span class='ocrx_word' id='word_1_120' title='bbox 1117 1794 1154 1854; x_wconf 93' lang='lat' dir='ltr'>ut</span> <span class='ocrx_word' id='word_1_121' title='bbox 1177 1790 1215 1853; x_wconf 90' lang='lat' dir='ltr'>de</span> <span class='ocrx_word' id='word_1_122' title='bbox 1231 1789 1356 1855; x_wconf 85' lang='lat' dir='ltr'>Cicero-</span> 
     </span>
     <span class='ocr_line' id='line_1_16' title="bbox 189 1890 1353 1974; baseline 0.002 -20"><span class='ocrx_word' id='word_1_123' title='bbox 189 1893 240 1954; x_wconf 86' lang='lat' dir='ltr'>nis</span> <span class='ocrx_word' id='word_1_124' title='bbox 269 1891 395 1954; x_wconf 89' lang='lat' dir='ltr'>aedium</span> <span class='ocrx_word' id='word_1_125' title='bbox 424 1892 583 1973; x_wconf 81' lang='lat' dir='ltr'>religione</span> <span class='ocrx_word' id='word_1_126' title='bbox 613 1891 652 1954; x_wconf 89' lang='lat' dir='ltr'>ad</span> <span class='ocrx_word' id='word_1_127' title='bbox 681 1890 870 1973; x_wconf 91' lang='lat' dir='ltr'>pontificum</span> <span class='ocrx_word' id='word_1_128' title='bbox 894 1891 1065 1974; x_wconf 84' lang='lat' dir='ltr'>collegium</span> <span class='ocrx_word' id='word_1_129' title='bbox 1089 1891 1262 1955; x_wconf 78' lang='lat' dir='ltr'>referretur</span> <span class='ocrx_word' id='word_1_130' title='bbox 1285 1892 1353 1972; x_wconf 84' lang='lat' dir='ltr'>(cf.</span> 
     </span>
     <span class='ocr_line' id='line_1_17' title="bbox 190 1991 1355 2076; baseline 0.001 -22"><span class='ocrx_word' id='word_1_131' title='bbox 190 1993 229 2054; x_wconf 91' lang='lat' dir='ltr'>de</span> <span class='ocrx_word' id='word_1_132' title='bbox 248 1993 377 2074; x_wconf 82' lang='lat' dir='ltr'>horusp.</span> <span class='ocrx_word' id='word_1_133' title='bbox 393 2015 417 2056; x_wconf 93' lang='lat' dir='ltr'>r.</span> <span class='ocrx_word' id='word_1_134' title='bbox 433 1991 488 2074; x_wconf 88' lang='lat' dir='ltr'>Vl,</span> <span class='ocrx_word' id='word_1_135' title='bbox 516 1993 576 2073; x_wconf 80' lang='lat'>12).</span> <span class='ocrx_word' id='word_1_136' title='bbox 622 1992 745 2067; x_wconf 75' lang='lat' dir='ltr'>Quibus</span> <span class='ocrx_word' id='word_1_137' title='bbox 769 1991 807 2054; x_wconf 87' lang='lat' dir='ltr'>de</span> <span class='ocrx_word' id='word_1_138' title='bbox 830 1993 932 2054; x_wconf 90' lang='lat' dir='ltr'>causis</span> <span class='ocrx_word' id='word_1_139' title='bbox 949 1997 997 2055; x_wconf 89' lang='lat' dir='ltr'>est</span> <span class='ocrx_word' id='word_1_140' title='bbox 1013 2014 1106 2074; x_wconf 88' lang='lat' dir='ltr'>sane,</span> <span class='ocrx_word' id='word_1_141' title='bbox 1131 2014 1185 2056; x_wconf 88' lang='lat' dir='ltr'>cnr</span> <span class='ocrx_word' id='word_1_142' title='bbox 1201 1995 1355 2076; x_wconf 88' lang='lat' dir='ltr'>suspicari</span> 
     </span>
     <span class='ocr_line' id='line_1_18' title="bbox 189 2092 1355 2176; baseline 0 -20"><span class='ocrx_word' id='word_1_143' title='bbox 189 2095 298 2176; x_wconf 87' lang='lat' dir='ltr'>liceat,</span> <span class='ocrx_word' id='word_1_144' title='bbox 322 2094 416 2155; x_wconf 88' lang='lat' dir='ltr'>aliter</span> <span class='ocrx_word' id='word_1_145' title='bbox 439 2115 511 2157; x_wconf 87' lang='lat' dir='ltr'>eum</span> <span class='ocrx_word' id='word_1_146' title='bbox 533 2094 567 2155; x_wconf 90' lang='lat' dir='ltr'>in</span> <span class='ocrx_word' id='word_1_147' title='bbox 589 2095 706 2156; x_wconf 89' lang='lat' dir='ltr'>itinere</span> <span class='ocrx_word' id='word_1_148' title='bbox 723 2092 761 2154; x_wconf 90' lang='lat' dir='ltr'>de</span> <span class='ocrx_word' id='word_1_149' title='bbox 778 2092 873 2155; x_wconf 90' lang='lat' dir='ltr'>domo</span> <span class='ocrx_word' id='word_1_150' title='bbox 890 2093 1044 2174; x_wconf 89' lang='lat' dir='ltr'>quaedam</span> <span class='ocrx_word' id='word_1_151' title='bbox 1061 2095 1237 2176; x_wconf 87' lang='lat' dir='ltr'>scripsisse,</span> <span class='ocrx_word' id='word_1_152' title='bbox 1261 2095 1355 2158; x_wconf 89' lang='lat' dir='ltr'>aliter</span> 
     </span>
     <span class='ocr_line' id='line_1_19' title="bbox 179 2193 1355 2276; baseline 0.004 -23"><span class='ocrx_word' id='word_1_153' title='bbox 179 2199 264 2276; x_wconf 80' lang='lat' dir='ltr'>‚post</span> <span class='ocrx_word' id='word_1_154' title='bbox 283 2194 467 2256; x_wconf 83' lang='lat' dir='ltr'>&#39;adventum</span> <span class='ocrx_word' id='word_1_155' title='bbox 503 2197 535 2256; x_wconf 89' lang='lat' dir='ltr'>et</span> <span class='ocrx_word' id='word_1_156' title='bbox 566 2193 649 2276; x_wconf 88' lang='lat' dir='ltr'>apud</span> <span class='ocrx_word' id='word_1_157' title='bbox 684 2198 832 2256; x_wconf 84' lang='lat' dir='ltr'>senatum</span> <span class='ocrx_word' id='word_1_158' title='bbox 865 2199 897 2256; x_wconf 93' lang='lat' dir='ltr'>et</span> <span class='ocrx_word' id='word_1_159' title='bbox 929 2195 963 2256; x_wconf 90' lang='lat' dir='ltr'>in</span> <span class='ocrx_word' id='word_1_160' title='bbox 992 2195 1048 2256; x_wconf 85' lang='lat' dir='ltr'>illa</span> <span class='ocrx_word' id='word_1_161' title='bbox 1070 2196 1220 2258; x_wconf 89' lang='lat' dir='ltr'>contione</span> <span class='ocrx_word' id='word_1_162' title='bbox 1249 2217 1286 2258; x_wconf 90' lang='lat' dir='ltr'>ea</span> <span class='ocrx_word' id='word_1_163' title='bbox 1312 2195 1355 2258; x_wconf 81' lang='lat' dir='ltr'>de</span> 
     </span>
     <span class='ocr_line' id='line_1_20' title="bbox 190 2295 946 2370; baseline 0.005 -14"><span class='ocrx_word' id='word_1_164' title='bbox 190 2317 224 2357; x_wconf 89' lang='lat' dir='ltr'>re</span> <span class='ocrx_word' id='word_1_165' title='bbox 247 2295 374 2358; x_wconf 77' lang='lat' dir='ltr'>dixisse.</span> <span class='ocrx_word' id='word_1_166' title='bbox 431 2366 432 2370; x_wconf 7' lang='grc' dir='ltr'>η</span> <span class='ocrx_word' id='word_1_167' title='bbox 940 2296 946 2308; x_wconf 83' lang='grc'><em>’</em></span> 
     </span>
    </p>

    <p class='ocr_par' dir='ltr' id='par_1_5' title="bbox 188 2395 1424 3892">
     <span class='ocr_line' id='line_1_21' title="bbox 272 2395 1355 2480; baseline 0.002 -21"><span class='ocrx_word' id='word_1_168' title='bbox 272 2395 390 2459; x_wconf 88' lang='lat' dir='ltr'>Videte</span> <span class='ocrx_word' id='word_1_169' title='bbox 412 2397 475 2458; x_wconf 86' lang='lat' dir='ltr'>ianr</span> <span class='ocrx_word' id='word_1_170' title='bbox 498 2418 593 2478; x_wconf 89' lang='lat' dir='ltr'>porro</span> <span class='ocrx_word' id='word_1_171' title='bbox 616 2398 713 2459; x_wconf 82' lang='lat' dir='ltr'>verba</span> <span class='ocrx_word' id='word_1_172' title='bbox 734 2395 827 2459; x_wconf 87' lang='lat' dir='ltr'>haec:</span> <span class='ocrx_word' id='word_1_173' title='bbox 851 2395 902 2477; x_wconf 80' lang='lat' dir='ltr'>(ad</span> <span class='ocrx_word' id='word_1_174' title='bbox 926 2395 1013 2470; x_wconf 79' lang='lat' dir='ltr'>Quir.</span> <span class='ocrx_word' id='word_1_175' title='bbox 1036 2396 1061 2474; x_wconf 92' lang='lat' dir='ltr'>l,</span> <span class='ocrx_word' id='word_1_176' title='bbox 1084 2397 1117 2478; x_wconf 86' lang='grc'>4)</span> <span class='ocrx_word' id='word_1_177' title='bbox 1141 2419 1241 2479; x_wconf 84' lang='lat' dir='ltr'>quae</span> <span class='ocrx_word' id='word_1_178' title='bbox 1264 2417 1355 2480; x_wconf 88' lang='lat' dir='ltr'>spe-</span> 
     </span>
     <span class='ocr_line' id='line_1_22' title="bbox 189 2482 1424 2580; baseline 0.001 -20"><span class='ocrx_word' id='word_1_179' title='bbox 189 2498 267 2560; x_wconf 90' lang='lat' dir='ltr'>cies</span> <span class='ocrx_word' id='word_1_180' title='bbox 290 2496 452 2575; x_wconf 88' lang='lat' dir='ltr'>Italiae,</span> <span class='ocrx_word' id='word_1_181' title='bbox 477 2509 573 2578; x_wconf 85' lang='lat' dir='ltr'>quae</span> <span class='ocrx_word' id='word_1_182' title='bbox 596 2498 816 2560; x_wconf 81' lang='lat' dir='ltr'>celebritas</span> <span class='ocrx_word' id='word_1_183' title='bbox 833 2497 1089 2580; x_wconf 88' lang='lat' dir='ltr'>oppidorum,</span> <span class='ocrx_word' id='word_1_184' title='bbox 1112 2497 1356 2578; x_wconf 86' lang='lat' dir='ltr'>quaeforma</span> <span class='ocrx_word' id='word_1_185' title='bbox 1422 2482 1424 2487; x_wconf 17' lang='grc' dir='ltr'>ι</span> 
     </span>
     <span class='ocr_line' id='line_1_23' title="bbox 188 2597 1355 2680; baseline 0.001 -21"><span class='ocrx_word' id='word_1_186' title='bbox 188 2597 419 2680; x_wconf 83' lang='lat' dir='ltr'>regionum,</span> <span class='ocrx_word' id='word_1_187' title='bbox 450 2598 516 2680; x_wconf 90' lang='lat' dir='ltr'>qui</span> <span class='ocrx_word' id='word_1_188' title='bbox 544 2599 648 2679; x_wconf 80' lang='lat' dir='ltr'>agri,</span> <span class='ocrx_word' id='word_1_189' title='bbox 678 2618 775 2678; x_wconf 89' lang='lat' dir='ltr'>quae</span> <span class='ocrx_word' id='word_1_190' title='bbox 798 2597 951 2680; x_wconf 79' lang='lat' dir='ltr'>frugeS,</span> <span class='ocrx_word' id='word_1_191' title='bbox 984 2619 1064 2679; x_wconf 86' lang='lat' dir='ltr'>quae</span> <span class='ocrx_word' id='word_1_192' title='bbox 1097 2597 1226 2679; x_wconf 88' lang='lat' dir='ltr'>quidem</span> <span class='ocrx_word' id='word_1_193' title='bbox 1255 2599 1355 2661; x_wconf 84' lang='lat' dir='ltr'>excla-</span> 
     </span>
     <span class='ocr_line' id='line_1_24' title="bbox 189 2684 1354 2780; baseline -0.001 -18"><span class='ocrx_word' id='word_1_194' title='bbox 189 2699 348 2762; x_wconf 88' lang='lat' dir='ltr'>mationes</span> <span class='ocrx_word' id='word_1_195' title='bbox 382 2720 491 2761; x_wconf 91' lang='lat' dir='ltr'>nonne</span> <span class='ocrx_word' id='word_1_196' title='bbox 525 2684 635 2780; x_wconf 55' lang='lat' dir='ltr'>quasi*</span> <span class='ocrx_word' id='word_1_197' title='bbox 649 2698 711 2761; x_wconf 87' lang='lat' dir='ltr'>iter</span> <span class='ocrx_word' id='word_1_198' title='bbox 743 2698 888 2762; x_wconf 85' lang='lat' dir='ltr'>redolere</span> <span class='ocrx_word' id='word_1_199' title='bbox 921 2698 1096 2761; x_wconf 81' lang='lat' dir='ltr'>videntur?</span> <span class='ocrx_word' id='word_1_200' title='bbox 1139 2698 1354 2762; x_wconf 81' lang='lat' dir='ltr'>inveniuntur</span> 
     </span>
     <span class='ocr_line' id='line_1_25' title="bbox 189 2799 1356 2882; baseline 0.002 -21"><span class='ocrx_word' id='word_1_201' title='bbox 189 2804 357 2882; x_wconf 86' lang='lat' dir='ltr'>praeterea</span> <span class='ocrx_word' id='word_1_202' title='bbox 386 2800 449 2862; x_wconf 88' lang='lat' dir='ltr'>alia</span> <span class='ocrx_word' id='word_1_203' title='bbox 477 2799 650 2881; x_wconf 80' lang='lat' dir='ltr'>eiusmodi,</span> <span class='ocrx_word' id='word_1_204' title='bbox 670 2820 759 2880; x_wconf 60' lang='lat' dir='ltr'>⁴quac</span> <span class='ocrx_word' id='word_1_205' title='bbox 784 2801 844 2863; x_wconf 88' lang='lat' dir='ltr'>etsi</span> <span class='ocrx_word' id='word_1_206' title='bbox 867 2804 933 2863; x_wconf 80' lang='lat' dir='ltr'>nen</span> <span class='ocrx_word' id='word_1_207' title='bbox 955 2803 1146 2881; x_wconf 83' lang='lat' dir='ltr'>argumento</span> <span class='ocrx_word' id='word_1_208' title='bbox 1169 2801 1264 2862; x_wconf 91' lang='lat' dir='ltr'>nobis</span> <span class='ocrx_word' id='word_1_209' title='bbox 1287 2822 1356 2863; x_wconf 88' lang='lat' dir='ltr'>esse</span> 
     </span>
     <span class='ocr_line' id='line_1_26' title="bbox 189 2899 1355 2983; baseline -0.001 -20"><span class='ocrx_word' id='word_1_210' title='bbox 189 2904 341 2983; x_wconf 89' lang='lat' dir='ltr'>possunt,</span> <span class='ocrx_word' id='word_1_211' title='bbox 370 2904 505 2982; x_wconf 84' lang='lat' dir='ltr'>quodam</span> <span class='ocrx_word' id='word_1_212' title='bbox 535 2904 641 2964; x_wconf 88' lang='lat' dir='ltr'>tamen</span> <span class='ocrx_word' id='word_1_213' title='bbox 671 2899 767 2962; x_wconf 90' lang='lat' dir='ltr'>modo</span> <span class='ocrx_word' id='word_1_214' title='bbox 802 2902 988 2982; x_wconf 87' lang='lat' dir='ltr'>opinionem</span> <span class='ocrx_word' id='word_1_215' title='bbox 1021 2903 1165 2962; x_wconf 88' lang='lat' dir='ltr'>nostram</span> <span class='ocrx_word' id='word_1_216' title='bbox 1198 2921 1355 2963; x_wconf 89' lang='lat' dir='ltr'>commen-</span> 
     </span>
     <span class='ocr_line' id='line_1_27' title="bbox 190 2999 1356 3084; baseline 0 -21"><span class='ocrx_word' id='word_1_217' title='bbox 190 3002 282 3084; x_wconf 85' lang='lat' dir='ltr'>dant,</span> <span class='ocrx_word' id='word_1_218' title='bbox 299 3002 387 3065; x_wconf 91' lang='lat' dir='ltr'>velut</span> <span class='ocrx_word' id='word_1_219' title='bbox 405 3002 497 3065; x_wconf 88' lang='lat' dir='ltr'>haec:</span> <span class='ocrx_word' id='word_1_220' title='bbox 520 3000 658 3065; x_wconf 84' lang='lat' dir='ltr'>Constat</span> <span class='ocrx_word' id='word_1_221' title='bbox 673 3001 835 3079; x_wconf 84' lang='lat' dir='ltr'>Ciceroni,</span> <span class='ocrx_word' id='word_1_222' title='bbox 851 3023 922 3064; x_wconf 91' lang='lat' dir='ltr'>cum</span> <span class='ocrx_word' id='word_1_223' title='bbox 938 3000 1023 3065; x_wconf 91' lang='lat' dir='ltr'>Non.</span> <span class='ocrx_word' id='word_1_224' title='bbox 1043 2999 1129 3067; x_wconf 82' lang='lat' dir='ltr'>Sext.</span> <span class='ocrx_word' id='word_1_225' title='bbox 1145 3000 1356 3064; x_wconf 89' lang='lat' dir='ltr'>Brundisium</span> 
     </span>
     <span class='ocr_line' id='line_1_28' title="bbox 188 3101 1355 3185; baseline 0.001 -22"><span class='ocrx_word' id='word_1_226' title='bbox 188 3103 344 3184; x_wconf 84' lang='lat' dir='ltr'>venisset,</span> <span class='ocrx_word' id='word_1_227' title='bbox 371 3102 511 3166; x_wconf 85' lang='lat' dir='ltr'>Tulliam</span> <span class='ocrx_word' id='word_1_228' title='bbox 533 3107 661 3184; x_wconf 85' lang='lat' dir='ltr'>praesto</span> <span class='ocrx_word' id='word_1_229' title='bbox 684 3103 783 3166; x_wconf 87' lang='lat' dir='ltr'>fuisse</span> <span class='ocrx_word' id='word_1_230' title='bbox 806 3102 858 3183; x_wconf 76' lang='lat' dir='ltr'>(ad</span> <span class='ocrx_word' id='word_1_231' title='bbox 873 3103 943 3166; x_wconf 84' lang='lat' dir='ltr'>Att.</span> <span class='ocrx_word' id='word_1_232' title='bbox 959 3101 1021 3185; x_wconf 89' lang='lat' dir='ltr'>IV,</span> <span class='ocrx_word' id='word_1_233' title='bbox 1044 3102 1074 3184; x_wconf 87' lang='lat' dir='ltr'>I,</span> <span class='ocrx_word' id='word_1_234' title='bbox 1098 3103 1145 3183; x_wconf 83' lang='lat'>4),</span> <span class='ocrx_word' id='word_1_235' title='bbox 1170 3102 1355 3165; x_wconf 85' lang='lat' dir='ltr'>Terentiam</span> 
     </span>
     <span class='ocr_line' id='line_1_29' title="bbox 188 3203 1355 3286; baseline 0 -20"><span class='ocrx_word' id='word_1_236' title='bbox 188 3225 256 3266; x_wconf 90' lang='lat' dir='ltr'>non</span> <span class='ocrx_word' id='word_1_237' title='bbox 273 3203 424 3285; x_wconf 87' lang='lat' dir='ltr'>adfuisse,</span> <span class='ocrx_word' id='word_1_238' title='bbox 443 3204 492 3265; x_wconf 91' lang='lat' dir='ltr'>cui</span> <span class='ocrx_word' id='word_1_239' title='bbox 511 3205 576 3265; x_wconf 90' lang='lat' dir='ltr'>sive</span> <span class='ocrx_word' id='word_1_240' title='bbox 592 3226 660 3266; x_wconf 88' lang='lat' dir='ltr'>eam</span> <span class='ocrx_word' id='word_1_241' title='bbox 672 3204 756 3266; x_wconf 85' lang='lat' dir='ltr'>hano</span> <span class='ocrx_word' id='word_1_242' title='bbox 767 3204 808 3266; x_wconf 94' lang='lat' dir='ltr'>ob</span> <span class='ocrx_word' id='word_1_243' title='bbox 821 3224 949 3266; x_wconf 84' lang='lat' dir='ltr'>causam</span> <span class='ocrx_word' id='word_1_244' title='bbox 962 3205 1028 3268; x_wconf 91' lang='lat' dir='ltr'>sive</span> <span class='ocrx_word' id='word_1_245' title='bbox 1043 3208 1175 3286; x_wconf 86' lang='lat' dir='ltr'>propter</span> <span class='ocrx_word' id='word_1_246' title='bbox 1188 3204 1250 3268; x_wconf 90' lang='lat' dir='ltr'>alia</span> <span class='ocrx_word' id='word_1_247' title='bbox 1262 3225 1355 3286; x_wconf 88' lang='lat' dir='ltr'>quae-</span> 
     </span>
     <span class='ocr_line' id='line_1_30' title="bbox 190 3303 1354 3388; baseline 0.001 -22"><span class='ocrx_word' id='word_1_248' title='bbox 190 3304 262 3366; x_wconf 86' lang='lat' dir='ltr'>dam</span> <span class='ocrx_word' id='word_1_249' title='bbox 296 3304 471 3368; x_wconf 89' lang='lat' dir='ltr'>domestica</span> <span class='ocrx_word' id='word_1_250' title='bbox 504 3303 556 3384; x_wconf 88' lang='lat' dir='ltr'>(ad</span> <span class='ocrx_word' id='word_1_251' title='bbox 589 3305 659 3367; x_wconf 86' lang='lat' dir='ltr'>Att.</span> <span class='ocrx_word' id='word_1_252' title='bbox 675 3304 732 3386; x_wconf 86' lang='lat' dir='ltr'>IV,</span> <span class='ocrx_word' id='word_1_253' title='bbox 760 3304 793 3386; x_wconf 87' lang='lat' dir='ltr'>l,</span> <span class='ocrx_word' id='word_1_254' title='bbox 818 3305 850 3385; x_wconf 87' lang='grc'>8)</span> <span class='ocrx_word' id='word_1_255' title='bbox 879 3305 936 3368; x_wconf 89' lang='lat' dir='ltr'>illo</span> <span class='ocrx_word' id='word_1_256' title='bbox 963 3307 1354 3388; x_wconf 86' lang='lat' dir='ltr'>temporesuecensebat.</span> 
     </span>
     <span class='ocr_line' id='line_1_31' title="bbox 189 3404 1354 3488; baseline 0.001 -20"><span class='ocrx_word' id='word_1_257' title='bbox 189 3404 270 3468; x_wconf 90' lang='lat' dir='ltr'>Cum</span> <span class='ocrx_word' id='word_1_258' title='bbox 296 3409 403 3468; x_wconf 89' lang='lat' dir='ltr'>autem</span> <span class='ocrx_word' id='word_1_259' title='bbox 429 3426 501 3470; x_wconf 86' lang='lat' dir='ltr'>cum</span> <span class='ocrx_word' id='word_1_260' title='bbox 526 3405 633 3468; x_wconf 86' lang='lat' dir='ltr'>Tullia</span> <span class='ocrx_word' id='word_1_261' title='bbox 658 3406 720 3468; x_wconf 87' lang='lat' dir='ltr'>iter</span> <span class='ocrx_word' id='word_1_262' title='bbox 746 3405 865 3469; x_wconf 88' lang='lat' dir='ltr'>faciens</span> <span class='ocrx_word' id='word_1_263' title='bbox 892 3408 1054 3470; x_wconf 86' lang='lat' dir='ltr'>orationes</span> <span class='ocrx_word' id='word_1_264' title='bbox 1085 3408 1157 3470; x_wconf 87' lang='lat' dir='ltr'>illas</span> <span class='ocrx_word' id='word_1_265' title='bbox 1190 3407 1354 3488; x_wconf 89' lang='lat' dir='ltr'>scriberet,</span> 
     </span>
     <span class='ocr_line' id='line_1_32' title="bbox 190 3505 1356 3591; baseline 0.001 -23"><span class='ocrx_word' id='word_1_266' title='bbox 190 3527 293 3587; x_wconf 85' lang='lat' dir='ltr'>neque</span> <span class='ocrx_word' id='word_1_267' title='bbox 325 3505 471 3568; x_wconf 89' lang='lat' dir='ltr'>consulto</span> <span class='ocrx_word' id='word_1_268' title='bbox 506 3527 610 3587; x_wconf 91' lang='lat' dir='ltr'>neque</span> <span class='ocrx_word' id='word_1_269' title='bbox 642 3527 716 3569; x_wconf 87' lang='lat' dir='ltr'>casu</span> <span class='ocrx_word' id='word_1_270' title='bbox 746 3508 865 3570; x_wconf 88' lang='lat' dir='ltr'>factum</span> <span class='ocrx_word' id='word_1_271' title='bbox 902 3530 972 3571; x_wconf 86' lang='lat' dir='ltr'>esse</span> <span class='ocrx_word' id='word_1_272' title='bbox 1004 3508 1158 3591; x_wconf 86' lang='lat' dir='ltr'>suspicari</span> <span class='ocrx_word' id='word_1_273' title='bbox 1191 3508 1283 3591; x_wconf 89' lang='lat' dir='ltr'>licet,</span> <span class='ocrx_word' id='word_1_274' title='bbox 1319 3511 1356 3569; x_wconf 93' lang='lat' dir='ltr'>ut</span> 
     </span>
     <span class='ocr_line' id='line_1_33' title="bbox 190 3606 1355 3692; baseline 0.001 -24"><span class='ocrx_word' id='word_1_275' title='bbox 190 3607 300 3669; x_wconf 88' lang='lat' dir='ltr'>multis</span> <span class='ocrx_word' id='word_1_276' title='bbox 323 3607 402 3669; x_wconf 90' lang='lat' dir='ltr'>locis</span> <span class='ocrx_word' id='word_1_277' title='bbox 426 3606 582 3690; x_wconf 82' lang='lat' dir='ltr'>Tulliam,</span> <span class='ocrx_word' id='word_1_278' title='bbox 611 3608 710 3670; x_wconf 87' lang='lat' dir='ltr'>filiam</span> <span class='ocrx_word' id='word_1_279' title='bbox 739 3611 909 3692; x_wconf 88' lang='lat' dir='ltr'>optimam,</span> <span class='ocrx_word' id='word_1_280' title='bbox 937 3610 1056 3673; x_wconf 88' lang='lat' dir='ltr'>liberos</span> <span class='ocrx_word' id='word_1_281' title='bbox 1085 3609 1280 3690; x_wconf 85' lang='lat' dir='ltr'>fratremque</span> <span class='ocrx_word' id='word_1_282' title='bbox 1302 3608 1355 3688; x_wconf 80' lang='lat' dir='ltr'>(ad</span> 
     </span>
     <span class='ocr_line' id='line_1_34' title="bbox 192 3706 1354 3792; baseline 0 -23"><span class='ocrx_word' id='word_1_283' title='bbox 192 3712 294 3773; x_wconf 88' lang='lat' dir='ltr'>senat.</span> <span class='ocrx_word' id='word_1_284' title='bbox 318 3706 341 3784; x_wconf 88' lang='grc' dir='ltr'>Ι,</span> <span class='ocrx_word' id='word_1_285' title='bbox 368 3708 396 3772; x_wconf 87' lang='grc'>1.</span> <span class='ocrx_word' id='word_1_286' title='bbox 419 3707 459 3770; x_wconf 84' lang='lat' dir='ltr'>nd</span> <span class='ocrx_word' id='word_1_287' title='bbox 483 3708 570 3791; x_wconf 74' lang='lat' dir='ltr'>Quir.</span> <span class='ocrx_word' id='word_1_288' title='bbox 587 3707 618 3792; x_wconf 90' lang='lat' dir='ltr'>I,</span> <span class='ocrx_word' id='word_1_289' title='bbox 641 3708 675 3771; x_wconf 90' lang='lat' dir='ltr'>ll</span> <span class='ocrx_word' id='word_1_290' title='bbox 691 3709 762 3773; x_wconf 89' lang='lat' dir='ltr'>aliis</span> <span class='ocrx_word' id='word_1_291' title='bbox 785 3711 877 3790; x_wconf 91' lang='lat' dir='ltr'>locis)</span> <span class='ocrx_word' id='word_1_292' title='bbox 898 3732 962 3774; x_wconf 93' lang='lat' dir='ltr'>uno</span> <span class='ocrx_word' id='word_1_293' title='bbox 978 3714 1105 3772; x_wconf 84' lang='lat' dir='ltr'>tantum</span> <span class='ocrx_word' id='word_1_294' title='bbox 1120 3712 1191 3774; x_wconf 91' lang='lat' dir='ltr'>loco</span> <span class='ocrx_word' id='word_1_295' title='bbox 1207 3709 1354 3790; x_wconf 82' lang='lat' dir='ltr'>coniugis</span> 
     </span>
     <span class='ocr_line' id='line_1_35' title="bbox 188 3808 1022 3892; baseline -0.001 -22"><span class='ocrx_word' id='word_1_296' title='bbox 188 3809 325 3871; x_wconf 84' lang='lat' dir='ltr'>miserae</span> <span class='ocrx_word' id='word_1_297' title='bbox 349 3808 402 3888; x_wconf 88' lang='lat' dir='ltr'>(ad</span> <span class='ocrx_word' id='word_1_298' title='bbox 426 3808 513 3883; x_wconf 80' lang='lat' dir='ltr'>Quir.</span> <span class='ocrx_word' id='word_1_299' title='bbox 538 3809 597 3892; x_wconf 86' lang='lat' dir='ltr'>Ill,</span> <span class='ocrx_word' id='word_1_300' title='bbox 622 3810 653 3890; x_wconf 89' lang='grc'>8)</span> <span class='ocrx_word' id='word_1_301' title='bbox 677 3810 796 3874; x_wconf 86' lang='lat' dir='ltr'>faceret</span> <span class='ocrx_word' id='word_1_302' title='bbox 817 3812 1022 3874; x_wconf 35' lang='lat' dir='ltr'>mentionem,</span> 
     </span>
    </p>

    <p class='ocr_par' dir='ltr' id='par_1_6' title="bbox 190 3907 1354 4295">
     <span class='ocr_line' id='line_1_36' title="bbox 275 3907 1353 3993; baseline -0.002 -22"><span class='ocrx_word' id='word_1_303' title='bbox 275 3907 443 3993; x_wconf 82' lang='lat' dir='ltr'>Sequitur,</span> <span class='ocrx_word' id='word_1_304' title='bbox 470 3915 507 3974; x_wconf 90' lang='lat' dir='ltr'>ut</span> <span class='ocrx_word' id='word_1_305' title='bbox 535 3910 630 3974; x_wconf 87' lang='lat' dir='ltr'>dere</span> <span class='ocrx_word' id='word_1_306' title='bbox 653 3911 863 3976; x_wconf 86' lang='lat' dir='ltr'>frumentaria</span> <span class='ocrx_word' id='word_1_307' title='bbox 885 3910 1044 3992; x_wconf 88' lang='lat' dir='ltr'>dicamus,</span> <span class='ocrx_word' id='word_1_308' title='bbox 1074 3931 1136 3992; x_wconf 83' lang='lat' dir='ltr'>qua</span> <span class='ocrx_word' id='word_1_309' title='bbox 1162 3911 1198 3971; x_wconf 90' lang='lat' dir='ltr'>in</span> <span class='ocrx_word' id='word_1_310' title='bbox 1224 3928 1353 3970; x_wconf 88' lang='lat' dir='ltr'>recum</span> 
     </span>
     <span class='ocr_line' id='line_1_37' title="bbox 192 4007 1354 4076; baseline -0.002 -4"><span class='ocrx_word' id='word_1_311' title='bbox 192 4009 329 4074; x_wconf 88' lang='lat' dir='ltr'>Wolfius</span> <span class='ocrx_word' id='word_1_312' title='bbox 343 4014 374 4073; x_wconf 88' lang='lat' dir='ltr'>et</span> <span class='ocrx_word' id='word_1_313' title='bbox 387 4011 594 4076; x_wconf 81' lang='lat' dir='ltr'>llarklandus</span> <span class='ocrx_word' id='word_1_314' title='bbox 606 4013 821 4076; x_wconf 88' lang='lat' dir='ltr'>firmissimam</span> <span class='ocrx_word' id='word_1_315' title='bbox 834 4012 962 4075; x_wconf 88' lang='lat' dir='ltr'>illarum</span> <span class='ocrx_word' id='word_1_316' title='bbox 974 4011 1154 4074; x_wconf 84' lang='lat' dir='ltr'>orationum</span> <span class='ocrx_word' id='word_1_317' title='bbox 1169 4032 1187 4072; x_wconf 90' lang='lat' dir='ltr'>a</span> <span class='ocrx_word' id='word_1_318' title='bbox 1200 4007 1354 4072; x_wconf 88' lang='lat' dir='ltr'>Cicerone</span> 
     </span>
     <span class='ocr_line' id='line_1_38' title="bbox 190 4110 1353 4193; baseline -0.002 -19"><span class='ocrx_word' id='word_1_319' title='bbox 190 4110 473 4176; x_wconf 89' lang='lat' dir='ltr'>abiudicandarum</span> <span class='ocrx_word' id='word_1_320' title='bbox 505 4136 615 4177; x_wconf 86' lang='lat' dir='ltr'>ansam</span> <span class='ocrx_word' id='word_1_321' title='bbox 648 4135 681 4177; x_wconf 90' lang='lat' dir='ltr'>se</span> <span class='ocrx_word' id='word_1_322' title='bbox 714 4114 876 4176; x_wconf 85' lang='lat' dir='ltr'>invenisse</span> <span class='ocrx_word' id='word_1_323' title='bbox 898 4110 1075 4191; x_wconf 81' lang='lat' dir='ltr'>fateantur,</span> <span class='ocrx_word' id='word_1_324' title='bbox 1108 4110 1254 4193; x_wconf 90' lang='lat' dir='ltr'>pluribus</span> <span class='ocrx_word' id='word_1_325' title='bbox 1284 4132 1353 4172; x_wconf 89' lang='lat' dir='ltr'>eam</span> 
     </span>
     <span class='ocr_line' id='line_1_39' title="bbox 190 4212 1353 4295; baseline -0.001 -20"><span class='ocrx_word' id='word_1_326' title='bbox 190 4233 385 4295; x_wconf 84' lang='lat' dir='ltr'>exponamus</span> <span class='ocrx_word' id='word_1_327' title='bbox 408 4236 538 4279; x_wconf 85' lang='lat' dir='ltr'>necesse</span> <span class='ocrx_word' id='word_1_328' title='bbox 560 4217 618 4279; x_wconf 89' lang='lat' dir='ltr'>est.</span> <span class='ocrx_word' id='word_1_329' title='bbox 655 4219 722 4278; x_wconf 92' lang='lat' dir='ltr'>Iam</span> <span class='ocrx_word' id='word_1_330' title='bbox 745 4235 877 4277; x_wconf 86' lang='lat' dir='ltr'>mense</span> <span class='ocrx_word' id='word_1_331' title='bbox 901 4212 1101 4287; x_wconf 76' lang='lat' dir='ltr'>Quinctili</span> <span class='ocrx_word' id='word_1_332' title='bbox 1117 4213 1228 4275; x_wconf 85' lang='lat' dir='ltr'>infima</span> <span class='ocrx_word' id='word_1_333' title='bbox 1244 4213 1353 4275; x_wconf 86' lang='lat' dir='ltr'>coacta</span> 
     </span>
    </p>
   </div>
   <div class='ocr_carea' id='block_1_5' title="bbox 0 0 1521 4754">
    <p class='ocr_par' dir='ltr' id='par_1_7' title="bbox 0 0 1521 4754">
     <span class='ocr_line' id='line_1_40' title="bbox 0 0 1521 4754; baseline 0 0"><span class='ocrx_word' id='word_1_334' title='bbox 0 0 1521 4754; x_wconf 95' lang='lat' dir='ltr'> </span> 
     </span>
    </p>
   </div>
  </div>
 </body>
</html>
