3030 4754
586 331 860 409 '-21-

173 517 207 578 in
238 515 378 578 adventu
406 515 462 577 illo
491 513 661 596 splendido
694 514 922 596 describend0,
954 517 1117 596 tamquam
1145 515 1180 576 in
1212 535 1333 596 campo,

69 633 71 636 ·
173 617 273 680 libere
295 615 486 697 vagaberis?
523 615 558 678 ln
578 616 694 678 itinere
709 618 815 678 autem
832 615 860 677 si
875 616 950 679 illae
965 616 1128 679 orationes
1145 617 1221 678 sunt
1236 616 1334 697 scrip·
1355 652 1359 660 ,

172 721 240 801 tae,
263 718 347 781 nihil
369 717 467 780 habet
489 717 695 794 offensionis,
720 716 774 780 sed
796 716 886 779 nullo
902 717 1036 798 negotio
1053 719 1161 798 potest
1182 717 1334 798 explicari

56 827 58 830 ’
172 840 277 901 neque
303 819 424 901 gratias
451 819 506 900 agi
533 817 652 900 populo
679 819 812 900 propter
840 818 1092 899 gratulationem
1121 818 1334 900 plausumque

173 942 276 1002 neque
298 920 364 983 ullo
388 918 483 981 modo
506 916 670 981 Ciceronis
694 917 867 980 adventum
890 920 1142 983 commemorari.

258 1019 321 1083 seu
354 1020 433 1082 haec
464 1018 602 1082 fortasse
633 1020 767 1100 leviora,
801 1019 882 1081 illud
910 1041 985 1082 vero
1012 1021 1143 1102 majoris
1167 1019 1359 1101 momenti,-

174 1121 259 1204 quod
293 1122 328 1183 in
361 1121 461 1183 altero
496 1119 669 1202 quaerendi
705 1120 775 1183 loco
809 1121 913 1202 posui.
959 1119 1082 1184 Scimus
1121 1141 1160 1183 ex
1199 1120 1337 1202 epistula

174 1221 337 1287 Ciceronis
353 1221 405 1301 (ad
423 1222 492 1284 Att.
505 1220 561 1284 IV.
571 1221 597 1301 I,
613 1223 657 1303 7.)
670 1242 780 1284 mense
796 1218 977 1304 Septembri
994 1221 1138 1285 nondum
1161 1222 1189 1285 ei
1206 1220 1337 1283 domum

174 1345 243 1387 esse
265 1323 439 1404 redditam3
462 1343 592 1404 prorsus
615 1325 722 1386 autem
752 1321 937 1405 discrepant
965 1324 1004 1391 ab
1035 1324 1080 1386 eis
1111 1345 1167 1404 ea,
1197 1322 1336 1404 quaein

172 1426 237 1490 illis
271 1424 471 1488 orationibus
505 1424 731 1486 inveniuntur:
767 1426 847 1491 orat.
876 1423 916 1486 ad
945 1445 1002 1487 sen
1023 1423 1056 1505 I,
1083 1425 1109 1486 1.
1139 1424 1206 1505 qui
1235 1421 1337 1485 mihi

173 1526 359 1590 fortunas
381 1524 626 1588 reddidistis
649 1522 689 1586 ad
711 1523 819 1603 sensl,
842 1524 871 1588 2.
894 1528 1104 1607 parentum
1128 1523 1337 1587 beneficia

174 1628 335 1690 deorum
357 1647 519 1688 munera
540 1625 682 1708 populi
711 1625 878 1688 Romani
906 1625 1082 1712 honores
1105 1626 1237 1688 omnia
1258 1646 1335 1687 uno

173 1730 353 1810 tempore
383 1725 644 1808 reddidistis;
674 1725 713 1789 ad
742 1748 808 1790 sen.
823 1726 899 1810 XV,
929 1727 978 1792 39.
1007 1730 1049 1790 ut
1071 1748 1153 1790 cum
1178 1748 1219 1789 ea
1240 1725 1336 1788 mihi

174 1831 258 1892 sint
280 1829 477 1891 restituta
499 1848 601 1909 quae
623 1828 664 1889 in
680 1829 984 1909 potestatenon
1000 1827 1236 1909 fuerunt(sc.
1252 1826 1338 1888 bona

173 1930 211 1994 cf.
234 1929 273 1993 ad
298 1928 386 2004 bair.
403 1927 493 2008 Vlll,
516 1928 568 1990 20.
602 1927 723 1991 Marius
746 1949 817 1990 cum
840 1951 898 1991 sua
925 1930 1011 1993 bona
1032 1926 1190 2011 possideri
1214 1927 1253 1990 ab
1276 1928 1337 1989 ini-

172 2032 263 2094 micis
296 2052 333 2093 ac
366 2029 461 2111 diripi
498 2028 624 2092 audiret
658 2049 727 2091 cum
763 2049 898 2111 eaquae
921 2030 1071 2093 amiserat
1099 2029 1161 2092 sibi
1189 2028 1339 2091 restituta

173 2135 294 2212 essent)
317 2129 358 2194 ad
381 2152 447 2194 sen.
463 2129 534 2209 XV,
557 2130 607 2194 39.
630 2151 713 2192 cum
735 2130 810 2193 illa
831 2131 978 2194 amissa
999 2130 1274 2213 recuperarim
1297 2128 1336 2192 ad

174 2233 261 2308 quir.
277 2231 302 2314 I,
326 2232 354 2296 3.
377 2232 559 2313 reliquae
582 2234 636 2312 (so.
652 2253 730 2314 quas
746 2230 838 2294 furor
854 2231 1004 2294 hostiurn.
1018 2232 1204 2314 reliquerat)
1227 2251 1336 2293 meae

172 2334 365 2397 fortunae
402 2335 679 2414 recuperatae.
744 2330 866 2406 Quibus
901 2353 938 2393 ex
965 2333 1044 2406 locis
1078 2353 1150 2394 cum
1184 2332 1239 2414 qui
1269 2331 1337 2413 haS,
1409 2351 1412 2356 ·

174 2435 336 2498 orationes
375 2434 504 2515 scripsit
544 2433 614 2496 luce
653 2436 701 2495 est
738 2433 854 2496 elarius
888 2433 922 2494 in
960 2455 996 2496 ea
1033 2434 1194 2496 sententia
1226 2432 1336 2510 fuisse,

80 2525 83 2535 ⁵
173 2539 210 2599 ut
242 2557 354 2623 omnes
379 2533 527 2598 Ciceroni
553 2534 699 2598 fortunas
732 2533 898 2596 restitutas
927 2554 995 2596 esse
1024 2533 1176 2596 crederet,
1226 2531 1337 2597 Cicero

173 2641 279 2700 autern
304 2623 372 2719 qui
407 2638 471 2699 iam
508 2657 593 2699 anno
626 2639 701 2697 ante
735 2634 814 2698 haec
846 2635 1017 2717 scripserat
1050 2634 1103 2714 (ad
1139 2634 1215 2698 fam.
1249 2633 1336 2698 XIV.

172 2738 296 2819 11.3):
342 2737 437 2800 Tum
483 2736 653 2818 denique
697 2735 794 2798 mihi
838 2725 1005 2799 vid'ebor
1047 2737 1267 2799 restitutus
1305 2736 1338 2798 si

173 2861 266 2903 area
301 2838 418 2900 nobis
457 2838 536 2917 erit
568 2837 778 2919 restituta,
816 2839 849 2900 et
885 2839 938 2918 qui
968 2839 1076 2919 paucis
1115 2837 1227 2900 diebus
1263 2839 1339 2919 post

172 2940 312 3004 reditum
334 2939 413 3003 haec
435 2938 518 3021 apud
546 2937 714 3020 pontifices
738 2937 820 3000 dixit
848 2937 900 3019 (de
929 2936 1023 3000 domo
1051 2937 1216 3019 XXXVlI,
1248 2937 1337 3017 roal:

174 3038 215 3104 si
264 3062 346 3103 mea
395 3040 535 3104 domus
585 3061 664 3102 non
714 3038 827 3102 modo
877 3059 956 3101 non
1006 3036 1207 3120 redditur,
1267 3037 1336 3102 sed

174 3142 295 3204 etiam
327 3142 624 3205 monumentum
656 3139 823 3222 praebet
854 3139 1019 3214 inimico
1056 3137 1210 3202 doloris
1246 3140 1336 3218 mei,

175 3244 263 3324 quis
313 3243 391 3306 erit
439 3241 505 3324 qui
554 3240 657 3304 hunc
698 3239 870 3303 reditum
911 3241 1048 3322 potius
1097 3262 1203 3322 quam
1248 3262 1338 3322 poe·

173 3366 260 3407 nam
284 3343 572 3425 sempiternam
595 3342 724 3425 putet,
747 3342 826 3404 talia
847 3342 950 3423 igitur
972 3341 1026 3423 qui
1055 3343 1241 3424 scripserat,
1264 3363 1338 3422 que-

174 3443 379 3507 madmodum
408 3444 516 3526 potuit
544 3463 581 3506 eo
613 3446 774 3525 tempore,
809 3463 872 3523 quo
900 3443 1071 3513 domusei
1098 3442 1242 3505 nondum
1271 3446 1339 3505 erat

66 3581 78 3604 .
174 3544 310 3626 reddita,
326 3544 409 3627 apud
422 3544 562 3624 Quirites
575 3544 752 3607 contionari
767 3543 853 3606 huuc
866 3545 901 3605 in
916 3543 1046 3606 modum
1062 3541 1115 3618 (ad
1132 3541 1218 3617 quir.
1230 3542 1274 3624 ΙΙ,
1291 3544 1339 3624 5):
1426 3587 1429 3590 <

174 3646 371 3709 neminem
408 3665 510 3725 esse,
553 3645 622 3726 qui
659 3645 979 3726 magnitudinem
1015 3643 1338 3707 multitudinem-

175 3768 248 3828 que
280 3745 589 3829 beneiiciorum,
624 3767 736 3828 quam
769 3747 808 3808 in
836 3767 893 3809 me
925 3744 1172 3827 fratremque
1204 3767 1337 3825 meum,

174 3846 432 3929 contulistis,
465 3869 543 3910 non
571 3845 683 3910 modo
706 3866 852 3929 augere
875 3849 942 3910 aut
969 3866 1110 3909 ornare
1138 3848 1336 3926 oratione,

175 3949 246 4012 sed
269 3969 503 4012 enumerare
526 3951 591 4011 aut
614 3949 804 4030 consequi
831 3948 971 4031 possit.
1015 3946 1112 4010 Mitto
1136 3947 1238 4010 dicere
1261 3948 1338 4029 quid

174 4050 387 4115 iudicaverint
409 4047 617 4111 Marklandus
641 4050 674 4112 et
696 4048 856 4130 Wolfius,
884 4048 1000 4131 quibus
1030 4047 1222 4130 ambagibus
1245 4050 1339 4113 Gess-

175 4174 270 4216 nerus
293 4151 333 4215 ad
357 4171 451 4233 quam
472 4170 654 4232 perversam
676 4151 871 4213 sententiam
892 4149 1075 4233 pervenerit
1097 4149 1165 4228 (cfr.
1188 4149 1227 4213 ad
1251 4150 1339 4225 uuir.

174 4251 198 4332 I,
219 4255 252 4335 3)
281 4253 342 4317 hoc
371 4252 441 4315 dico
464 4272 532 4314 rem
547 4271 641 4333 posse
657 4250 833 4315 diiudicari.
878 4250 1010 4314 Etenim
1033 4249 1060 4312 si
1076 4246 1239 4315 Ciceronis
1256 4249 1337 4313 illud
